2414 4336
378 256 495 314 COMM.
512 258 578 314 vn.
594 257 717 314 81-85.
992 245 1053 311 151

63 381 150 467 mulsi
170 379 268 460 Galli,
287 381 363 464 quid
381 391 489 468 agant,
509 380 688 460 consulunt3
710 380 849 446 locorum
866 381 982 467 peritos
1000 381 1057 446 ad·

63 468 155 541 irent:
178 498 219 541 ex
236 476 286 541 his
309 476 503 562 superiorum
521 485 694 542 castrorum
711 475 790 541 situs
807 475 1057 559 munitionesque

63 580 238 657 'grossum
286 582 351 636 erat
372 595 392 636 a
414 570 675 657 septentrionibus
694 571 796 648 collis,
821 591 915 656 quem
930 579 1058 658 propter

63 668 282 752 ugnitudinem
304 667 451 732 circuitus
470 688 563 752 opere
582 665 793 753 circumplecti
813 689 877 731 non
893 675 1058 753 potuerant

63 763 143 827 mot:
163 761 340 828 necessario
354 783 453 848 paene
466 761 574 846 iniquo
586 761 656 827 loco
669 770 701 826 et
712 760 822 826 leniter
831 760 944 826 declivi
956 769 1058 826 castra

63 864 184 922 uerunt.
213 857 291 922 haec
302 854 402 922 Gaius
415 855 572 921 Antistius
585 855 727 942 Reginus
745 864 777 921 et
790 852 890 921 Gaius
906 853 1058 921 Caninius

63 942 165 1019 lebilus
183 950 280 1038 legati
297 973 369 1016 cum
387 948 509 1015 duabus
521 949 698 1037 legionibus
711 948 901 1015 obtinebant.
925 949 1059 1036 cognitis

63 1055 86 1104 tr
110 1044 323 1131 exploratores
345 1044 525 1132 regionibus
548 1044 645 1110 duces
666 1043 804 1109 hostium
821 1043 891 1110 LX
912 1044 998 1109 milia
1019 1064 1060 1110 ex

63 1139 117 1204 nni
140 1161 272 1204 numero
293 1139 435 1226 deligunt
458 1161 564 1203 earum
586 1138 760 1215 civitatum,
786 1159 867 1223 quae
890 1139 1064 1203 maximam·

63 1233 158 1298 rtutis
176 1233 354 1320 opinionem
371 1231 543 1310 habebant,
569 1231 645 1316 quid
667 1253 792 1316 quoque
808 1240 901 1318 pacto
923 1232 976 1319 agi
992 1231 1061 1318 pla·

63 1337 114 1406 at,
145 1326 266 1394 occulte
287 1327 367 1392 inter
389 1348 423 1391 se
446 1327 651 1405 constituunt3
678 1326 813 1392 adeundi
834 1335 958 1412 tempus
983 1326 1062 1391 defi-

63 1431 138 1500 1nt,
167 1443 240 1486 cum
256 1420 402 1486 meridies
421 1442 491 1487 esse
512 1420 664 1486 videatur.
708 1421 758 1486 his
780 1420 878 1506 copiis
897 1419 1062 1487 Vercassi-

63 1510 216 1581 llaunum
228 1513 418 1594 Arvernum,
436 1538 534 1580 unum
553 1536 593 1580 ex
609 1523 755 1599 quattuor
772 1513 915 1593 ducibus,
933 1513 1061 1600 propin-

63 1632 134 1676 ium
151 1609 433 1697 Vercingetorigis,
460 1609 667 1696 praeficiunt..
696 1608 748 1674 ille
771 1617 810 1673 ex
832 1608 941 1674 castris
958 1608 1062 1695 prima

63 1704 144 1792 gilia
166 1726 313 1791 egressus
338 1726 436 1790 prope
458 1703 603 1770 confecto
626 1701 685 1770 sub
711 1703 815 1769 lucem
838 1701 960 1782 itinere,
987 1712 1061 1789 post
1111 1738 1113 1772 ς

63 1806 174 1863 ontem
193 1819 227 1864 se
245 1797 412 1864 occultavit
432 1798 609 1882 militesque
632 1820 672 1864 ex
692 1807 845 1864 nocturno
865 1796 972 1863 labore
990 1820 1062 1864 sese

63 1891 167 1958 :licere
180 1893 281 1958 iussit.
309 1914 381 1957 cum
397 1893 461 1958 iam
474 1893 619 1958 meridies
632 1892 881 1979 appropinquare
894 1892 1063 1971 videretur,

63 1984 85 2050 Ξ
100 2009 134 2054 ea
151 1997 267 2067 castra,
285 2010 364 2073 quae
383 2011 478 2075 supra
495 1988 790 2067 demonstravimus,
814 1988 989 2066 contendit,
1009 2010 1062 2054 eo-

63 2099 174 2168 umque
196 2091 336 2169 tempore
359 2083 514 2167 equitatus
533 2083 574 2148 ad
591 2091 782 2168 campestres
803 2083 991 2148 munitiones
1009 2103 1062 2148 ac-

63 2173 148 2243 edere
166 2187 198 2242 et
213 2177 351 2261 reliquae
364 2177 472 2264 copiae
488 2199 545 2263 pro
558 2177 668 2242 eastris
682 2198 752 2242 sese
769 2177 934 2242 ostendere
951 2198 1062 2263 coepe·

63 2279 120 2337 unt.
154 2271 394 2358 Vercingetorix
412 2294 452 2337 ex
469 2294 541 2338 arce
558 2270 686 2337 Alesiae
704 2292 778 2336 suos
801 2271 999 2357 conspicatus
1023 2292 1064 2337 ex
1079 2288 1114 2340 84

63 2364 154 2446 ppido
172 2367 344 2453 egreditur;
363 2367 470 2444 cratis,
489 2366 664 2452 longurios,
682 2365 856 2444 musculos,
876 2365 974 2431 falces
991 2364 1063 2430 reli·¹
1084 2364 1085 2373 ’

63 2469 173 2544 Neque,
188 2482 268 2544 quae
279 2460 448 2546 eruptionis
462 2482 558 2526 causa
569 2469 742 2547 paraverat,
755 2459 884 2546 profert
904 2468 1064 2547 pugnatur

63 2563 103 2615 πο
116 2563 254 2641 tempore
265 2554 408 2621 omnibus
421 2553 499 2620 locis
508 2555 620 2620 acriter
632 2563 726 2640 atque
739 2554 844 2621 omnia
857 2562 1064 2641 temptantum

63 2654 120 2714 nee
138 2649 265 2714 minime
283 2649 351 2714 visa
366 2671 440 2734 pars
457 2649 547 2716 firma
564 2659 622 2728 est,
639 2649 708 2716 huc'
719 2649 919 2716 concunitur.
945 2649 1065 2715 Roma-

63 2750 153 2807 orum
170 2765 282 2808 manus
300 2743 394 2809 tantis
407 2743 630 2810 munitionibus
643 2745 807 2811 distinetur
819 2767 877 2812 nec
890 2743 982 2810 facile
993 2743 1064 2830 plu-

63 2819 127 2902 bus
145 2837 222 2903 locis
245 2837 387 2903 occurrit.
431 2837 563 2903 multum
581 2838 622 2903 ad
639 2839 798 2905 terrendos
820 2848 944 2906 nostros
966 2836 1064 2903 valuit

63 2928 167 3011 ¹tamor,
186 2932 241 3016 qui
257 2942 330 3017 post
347 2942 470 3018 tergum
487 2932 700 3018 pugnantibus
718 2934 850 3014 exstitit,
869 2933 954 3018 quod
971 2954 1065 3000 suum

63 3027 214 3094 trionum
235 3027 269 3091 in
290 3026 392 3092 aliena
417 3026 525 3091 vident
550 3026 650 3092 salute
672 3037 828 3094 constare:
855 3028 959 3093 omnia
980 3027 1064 3092 enim

63 3144 239 3207 eramque,
266 3143 346 3206 quae
368 3120 496 3199 absunt,
524 3121 738 3188 vehementius
760 3123 921 3189 hominum
943 3129 1065 3187 mentes

63 3217 232 3307 arturbant.
260 3214 379 3281 Caesar
394 3215 542 3280 idoneum
560 3215 665 3282 locum
681 3227 828 3294 nanctus,
846 3217 922 3300 quid
940 3236 1064 3301 quaque
1081 3231 1115 3282 85

63 3343 71 3376 ι
86 3321 179 3400 parte
196 3320 332 3397 geratur,
351 3311 521 3397 cognoscit,
538 3308 752 3377 laborantibus
771 3310 945 3376 summittit
971 3310 1065 3376 utris·

63 3428 101 3473 ue
125 3407 167 3472 ad
188 3406 327 3472 animum
350 3405 496 3485 occurrit,
523 3429 622 3471 unum
644 3406 723 3471 illud
744 3428 814 3472 esse
836 3416 974 3492 tempus,
1002 3427 1064 3490 quo

63 3501 178 3568 raxime
196 3500 341 3566 contendi
359 3500 535 3566 conveniat:
556 3498 650 3580 Galli,
668 3500 729 3565 nisi
745 3500 951 3588 perfregerint
963 3500 1065 3565 muni-

63 3617 159 3672 ones,
186 3596 225 3661 de
243 3595 327 3660 omni
345 3594 446 3659 salute
464 3596 647 3679 desperant3
671 3594 821 3673 Romani,
849 3595 877 3660 si
897 3616 964 3659 rem
986 3590 1065 3660 obti-

63 3689 179 3768 uerint‚
202 3690 297 3755 finem
314 3687 457 3754 laborum
478 3686 619 3754 omnium
637 3697 828 3775 exspectant.
872 3687 1008 3752 maxime
1024 3685 1066 3752 ad

63 3784 219 3871 iperiores
245 3782 433 3849 munitiones
457 3782 627 3860 laboratur,
654 3805 716 3869 quo
737 3781 1065 3849 Vercassivellaunum

63 3881 177 3946 lissum
202 3876 494 3945 demonstravimus.
542 3877 684 3962 iniquum
705 3876 767 3943 loci
791 3876 833 3943 ad
858 3875 1065 3942 declivitatem

63 3974 208 4062 vstigium
224 3996 375 4061 magnum
391 3972 486 4038 habet
502 3981 706 4039 momentum.
744 3971 799 4039 alii
814 3971 878 4038 tela
898 3969 1071 4047 coniciunt,

63 4072 92 4134 ir·
108 4069 265 4134 testudine
286 4069 373 4137 facta
394 4069 551 4155 subeunt3
580 4069 768 4162 defatigatis
784 4069 828 4138 in
842 4067 958 4138 vicem
966 4061 1101 4148 &abab
