2414 4336
378 207 715 268 nouuvuu-sa
991 193 1055 266 133

76 330 248 422 legionem
266 330 433 399 facientem
450 333 512 399 fide
529 333 602 400 data
620 356 659 400 ex
672 333 786 420 oppido
801 331 965 400 Cabillono
979 334 1055 401 edu-

67 434 113 493 nta
139 429 234 496 idem
254 427 360 495 facere
381 438 498 516 cogunt
519 450 587 508 eos,
614 428 669 514 qui
690 427 869 514 negotiandi
895 450 990 495 causa
1010 429 1055 496 ibi

67 521 245 589 utrumne
290 520 349 587 hos
371 520 517 589 continuo
537 522 573 587 in
588 521 697 588 itinere
713 521 815 589 adorti
836 520 980 588 omnibus
996 522 1055 588 im-

67 612 222 683 umentis
249 624 383 696 exnunt;
410 625 621 704 repugnantes
652 616 736 683 diem
762 631 947 701 noctemque
971 615 1056 683 obsi·

67 710 119 788 Ιιῐς
143 710 258 777 multis
280 709 435 796 utrimque
456 710 628 778 interfectis
649 711 800 777 maiorem
824 709 1056 778 multitudinem

67 813 226 879 natorum
242 803 407 872 concitant
437 805 561 872 interim
577 805 686 872 nuntio
704 805 808 883 allato,
825 825 933 871 omues
946 826 1054 871 eorum
1071 824 1105 875 lt

168 899 206 965 iu
224 907 380 986 potestate
402 897 549 966 Caesaris
575 899 686 978 teneri,
713 908 900 966 concummt
921 900 963 965 ad
982 897 1057 964 Ari-

88 1066 91 1071 ,
134 1040 144 1072 ,
169 993 250 1059 nihil
269 991 397 1081 publico
418 993 538 1060 factum
555 993 685 1061 consilio
708 994 935 1073 demonstrant3
961 1014 1056 1079 quae-

120 1108 169 1153 em
186 1087 227 1154 de
244 1086 336 1154 bonis
354 1087 482 1175 direptis
500 1089 683 1168 decernunt,
709 1087 847 1155 Litavici
864 1087 1056 1173 fratrumque

133 1177 308 1269 publicant,
329 1182 450 1269 legatos
469 1184 510 1249 ad
528 1181 698 1249 Caesarem
720 1183 769 1248 sui
785 1181 940 1269 purgandi
957 1181 1058 1268 gratia

148 1284 170 1341 t.
199 1275 279 1342 haec
296 1275 416 1342 faciunt
431 1277 714 1365 recuperandorum
732 1298 859 1342 suorum
873 1298 981 1341 eausa:
1000 1275 1057 1341 sed

99 1372 102 1377 '
159 1369 168 1386 '
212 1370 237 1436 ti
254 1369 393 1438 facinore
410 1381 442 1438 et
458 1371 541 1458 capti
559 1371 743 1458 compendio
760 1393 801 1437 ex
814 1369 942 1455 direptis
954 1368 1055 1447 bonis,

137 1485 175 1530 ea
191 1485 244 1530 rea
261 1464 304 1530 ad
319 1464 433 1532 multos
450 1464 634 1554 pertinebat,
653 1474 684 1532 et
702 1465 812 1532 timore
825 1484 944 1550 poenae
957 1472 1058 1529 exter-

94 1618 97 1623 .
121 1557 253 1626 consilia
269 1558 351 1626 clam
368 1559 407 1626 de
424 1559 506 1626 bello
522 1560 601 1626 inire
618 1559 768 1646 incipiunt
790 1558 992 1643 civitatesque
1009 1579 1058 1624 re·

150 1651 362 1740 legationibus
379 1652 556 1720 sollicitant
591 1675 672 1740 quae
689 1653 813 1721 tametsi
832 1651 952 1720 Caesar
967 1652 1058 1719 intel-

160 1794 172 1826 ,
198 1755 306 1812 tamen
331 1769 426 1832 quam
450 1747 614 1814 mitissime
634 1757 739 1834 potest
763 1746 884 1835 lagatos
907 1746 1056 1834 appellata

125 1861 161 1905 ae
179 1848 308 1926 propter
324 1840 520 1908 inscientiam
535 1840 755 1927 levitatemque
772 1841 861 1929 vulgi
877 1842 1004 1928 gravius
1018 1842 1057 1906 de

88 1924 98 1943 ⁶
125 1942 159 1999 te
179 1933 319 2001 iudicare
339 1957 441 2020 neque
464 1936 503 2002 de
529 1958 588 2002 sua
608 1936 642 2000 in
663 1934 816 2004 Haeduos
841 1935 1058 2003 benevolentia

67 2024 226 2094 munera
264 2027 341 2116 ipse,
360 2030 510 2096 maiorem
528 2027 650 2097 Galliae
667 2039 787 2096 motum
804 2040 999 2116 exspectans,
1017 2050 1057 2095 ue

67 2120 245 2192 'omnibus
270 2123 448 2190 civitatibus
474 2125 765 2203 circumsisteretur,
793 2124 923 2191 consilia
948 2121 1055 2201 inibat,

67 2215 301 2283 nummorum
317 2216 357 2284 ab
377 2215 536 2306 Gergovia
553 2218 726 2285 discederet
747 2241 785 2284 ac
805 2239 914 2283 rursus
931 2237 1057 2283 omnem

67 2308 207 2407 naim
223 2311 432 2391 contraheret,
458 2335 498 2378 ue
515 2312 667 2400 profectio
684 2321 759 2379 nata
775 2312 815 2379 ab
838 2312 949 2378 timore
971 2311 1057 2378 defe-

67 2403 146 2470 unia
164 2404 277 2470 similis
293 2404 390 2494 fugae
406 2405 573 2473 videretur.

67 2580 83 2603 ι
92 2495 191 2565 Haec
204 2499 354 2588 cogitanti
365 2499 506 2568 accidere
518 2501 587 2569 visa
599 2511 648 2569 est
660 2501 793 2569 facultas
808 2501 888 2568 bene
900 2501 1056 2590 gerendae
1073 2521 1107 2570 44

67 2604 92 2657 Ι.
132 2614 209 2659 nam
224 2614 299 2660 cum
313 2595 348 2660 in
364 2594 485 2662 minora
502 2606 604 2666 castra
620 2597 724 2685 operis
741 2596 949 2683 perspiciendi
962 2618 1058 2662 cansa

67 2681 187 2766 mssa,
210 2687 428 2756 animadvertit
445 2690 569 2771 collem,
593 2693 647 2778 qui
664 2691 704 2758 ab
722 2689 865 2756 hostibus
883 2687 1055 2770 tenebatur,

67 2776 188 2847 natum
198 2779 388 2862 bominibus,
405 2785 461 2870 qui
474 2785 684 2871 superioribus
698 2783 810 2851 diebus
822 2784 876 2850 vix
888 2808 963 2872 prae
977 2784 1058 2851 mul·

67 2873 167 2942 utine
184 2877 270 2943 cerni
287 2887 417 2965 poterat
443 2879 614 2946 admiratus
632 2880 753 2965 quaerit
770 2902 811 2946 ex
826 2879 968 2967 perfugis
983 2902 1055 2945 eau-

67 2984 116 3046 lm
132 2990 266 3055 quorum
283 2994 417 3060 magnus
435 2975 476 3040 ad
493 2996 565 3040 eum
583 2975 695 3041 cotidie
708 2997 857 3041 numerus
870 2973 1055 3040 confluebat

67 3063 200 3131 mutabat
215 3065 298 3132 inter
313 3089 435 3147 omues,
461 3069 547 3152 quod
567 3069 630 3134 iam
650 3069 719 3156 ipse
739 3068 858 3135 Caesar
874 3089 931 3154 per
948 3066 1055 3152 explo-

67 3161 154 3224 ttcres
171 3169 374 3247 cognoverat,
397 3162 525 3229 dorsum
542 3184 612 3230 esse
630 3163 697 3230 eius
714 3163 781 3250 iugi
797 3183 894 3248 prope
912 3181 1055 3244 aequum,

67 3247 199 3319 ttlbuno
224 3253 399 3321 silvestrem
424 3264 456 3321 et
480 3266 661 3344 angustum,
689 3278 751 3341 qua
776 3262 860 3322 esset
887 3253 989 3320 aditus
1016 3254 1057 3319 ad

67 3334 165 3411 lterum
181 3354 304 3433 partem
320 3347 441 3435 oppidi:
462 3348 662 3416 vehementer
682 3349 755 3414 huic
772 3348 840 3415 loco
857 3347 928 3414 illos
946 3347 1055 3415 timere

67 3452 100 3501 tto
112 3435 175 3505 iam
190 3438 281 3507 uliter
297 3443 412 3508 sentire
431 3464 492 3508 uno
514 3443 592 3510 colle
614 3443 654 3510 ab
672 3443 822 3509 Romanis
840 3451 1005 3529 occupato,
1029 3442 1057 3509 si

67 3520 167 3598 buum
183 3533 377 3614 amisissent,
403 3536 479 3621 quin
496 3558 596 3622 paene
614 3535 837 3602 circumvallati
859 3546 952 3622 atque
970 3535 1055 3604 omni

67 3618 124 3725 '3⁵¹³
142 3636 173 3691 et
193 3626 396 3715 pabulatione
420 3629 579 3696 interclusi
601 3629 793 3696 viderentur:
820 3632 861 3697 ad
882 3631 966 3697 hunc
987 3653 1057 3696 mu·

67 3716 184 3787 Nudum
199 3742 312 3789 omnes
328 3745 350 3789 a
359 3721 616 3811 Vercingetorige
630 3733 785 3791 evocatos.
812 3725 873 3791 hac
884 3747 918 3792 re
931 3724 1057 3812 cognita
1075 3742 1107 3794 tc

67 3794 157 3881 steten
179 3814 277 3882 mittit
303 3816 479 3904 complures
506 3816 645 3901 equitum
672 3825 791 3884 turmas
816 3819 927 3885 eodem
954 3817 1057 3885 media

67 3908 141 3974 baur
165 3908 313 3996 imperat,
340 3921 375 3976 ut
395 3910 490 3997 paulo
512 3910 733 3978 tumultuosius
756 3912 900 3979 omnibus
925 3911 959 3978 in
979 3911 1056 3979 locis

67 4000 230 4082 '‘wentae-0
270 4003 375 4090 prima
394 4005 467 4074 luce
488 4029 644 4098 magnum
665 4033 837 4080 numerum
855 4008 1073 4105 impedimen·
