2414 4336
371 243 491 301 coum
507 243 530 298 1.
547 242 667 300 sn-as.
987 226 1028 295 17

10 393 48 438 ne
75 371 110 432 in
135 365 256 432 occulto
282 367 409 451 quidem
434 367 523 450 queri
551 389 653 451 neque
683 364 834 431 auxilinm
863 363 1029 451 implorare

10 464 161 532 auderent
177 460 379 547 absentisque
395 459 549 528 Ariovisti
570 462 797 539 crudelitatem,
819 458 905 524 velut
926 459 954 525 si
976 479 1029 525 oo-

10 581 80 624 ram
106 556 244 634 adesset,
270 555 444 634 horrerent,
472 564 637 642 propterca
661 556 747 641 quod
770 553 898 639 reliquis
925 562 1030 618 tamen

11 654 106 740 fugas
122 651 255 717 facsdms
274 651 407 730 daretun
423 649 578 734 Sequanis
591 673 675 728 vero,
690 650 744 734 qui
760 650 843 715 intra
858 647 938 714 fines
956 669 1030 714 suos

12 746 206 814 Ariovistum
219 747 418 831 recepissent,
432 767 566 829 quorum
579 745 694 831 oppida
706 743 811 810 omnia
827 743 860 808 in
876 750 1031 829 potestate

13 841 76 907 eius
95 849 212 918 essent,
231 861 339 905 omnes
358 839 513 904 cruciatus
532 850 637 904 essent
652 837 840 925 perferendi.

67 933 132 999 His
150 933 244 1000 rebus
258 933 390 1020 cognitis
402 932 521 998 Caesar
531 929 695 1000 Gallorum
708 932 828 998 animm
841 929 945 997 verbis
958 951 1033 996 con·
1049 947 1081 997 st

12 1028 146 1093 firmavit
170 1027 389 1113 pollicitusque
415 1036 464 1093 est
489 1027 550 1093 sibi
576 1049 646 1092 eam
667 1039 733 1093 rem
759 1049 853 1093 curae
878 1026 1030 1092 futuram:

10 1144 160 1209 magnam
182 1143 217 1188 se
238 1121 354 1188 habere
376 1143 465 1208 spem
488 1130 519 1186 et
540 1119 691 1187 beneficio
713 1142 771 1186 suo
797 1129 829 1186 et
849 1119 1031 1186 auctoritate

12 1217 182 1282 adductum
198 1215 395 1282 Ariovistum
416 1216 510 1281 finem
530 1215 652 1282 iniuriis
673 1214 838 1281 facturum.
881 1214 941 1280 hac
963 1236 1033 1280 ora·

11 1310 95 1376 tione
116 1309 225 1376 habita
249 1310 416 1376 concilium
441 1310 567 1376 dimisit
610 1319 640 1375 et
662 1310 835 1376 secundum
857 1330 895 1375 ea
914 1308 1031 1374 multae

11 1427 60 1470 res
80 1426 154 1469 eum
170 1403 387 1483 hortabantur,
410 1425 506 1489 quare
524 1404 585 1471 sibi
606 1427 675 1470 eam
696 1426 763 1470 rem
785 1403 983 1490 cogitandam
1000 1411 1032 1468 et

12 1498 245 1584 suscipiendam
257 1508 389 1583 putaret,
398 1498 551 1585 imprimis
563 1499 649 1583 quod
656 1498 819 1575 Haeduos,
833 1496 945 1571 fratres
958 1519 1033 1562 con-

10 1593 263 1680 sanguineosque
277 1614 501 1678 saepenumero
518 1616 538 1658 a
556 1603 667 1659 senatu
684 1591 867 1679 appellatos,
884 1593 918 1656 in
936 1591 1033 1658 servi-

10 1694 74 1751 tutc
89 1697 185 1770 atque
197 1686 231 1749 in
242 1686 363 1751 dicione
376 1685 502 1752 videbat
512 1684 739 1753 Germanorum
752 1685 850 1752 teneri
863 1708 1033 1770 eorumque

10 1781 139 1847 obsides
162 1801 232 1846 esse
254 1780 338 1866 apud
355 1779 551 1846 Ariovistum
572 1804 610 1846 ac
632 1779 796 1866 Sequanos
818 1780 1032 1867 intellegebam
1143 1853 1144 1857 Ἰ

10 1875 96 1960 quod
114 1875 149 1938 in
165 1883 251 1939 tanto
267 1875 398 1961 imperio
415 1875 523 1961 populi
539 1876 675 1941 Romani
692 1878 906 1963 turpissimum
924 1875 985 1941 sibi
1002 1883 1033 1940 et

10 1968 201 2056 reipublicae
218 1991 288 2034 csse
305 1967 519 2035 arbitrabatur.
566 1969 717 2057 paulatim
734 1980 839 2038 autem
858 1969 1032 2038 Germanos

10 2071 220 2130 consuescere
228 2063 375 2129 Rhenum
387 2065 518 2130 transire
530 2066 608 2130 etin
617 2062 753 2132 Galliam
765 2089 913 2154 magnam
927 2086 1034 2130 eorum

10 2158 243 2224 multitudinem
259 2158 366 2224 venire
381 2158 498 2244 populo
511 2159 653 2226 Romano
670 2160 880 2246 periculosum
897 2157 1032 2236 videbat,

10 2274 114 2337 reque
132 2252 192 2318 sibi
209 2252 351 2318 homines
369 2252 453 2320 feros
467 2275 504 2318 ac
517 2252 666 2321 barbaros
683 2264 908 2342 temperaturos
927 2253 1034 2318 existi-

10 2347 128 2426 mabat,
147 2347 232 2431 quin,
252 2368 324 2412 curn
342 2369 467 2413 omnem
485 2344 623 2415 Galliam
641 2349 889 2435 occupavissent,
907 2356 943 2413 ut
960 2357 1032 2413 ante

10 2440 135 2508 Cimbri
153 2440 350 2526 Teutonique
367 2440 525 2521 fecissent,
542 2442 577 2508 in
592 2442 784 2529 provinciam
802 2442 921 2508 exirent
938 2451 1033 2526 atque

10 2537 83 2601 hade
101 2535 136 2598 in
152 2534 278 2600 ltaliam
295 2537 526 2616 contenderent,
544 2537 727 2624 praesertim
744 2560 816 2603 cum
831 2536 996 2622 Sequanos
1014 2559 1034 2601 a

10 2628 173 2716 provincia
191 2637 298 2694 nostra
314 2629 487 2696 Rhodanus
506 2632 671 2712 divideret3
693 2630 809 2718 quibus
826 2631 921 2697 rebus
939 2652 1034 2715 quarn

10 2723 191 2789 maturrime
200 2724 425 2790 occurrendum
433 2725 572 2811 putabat.
591 2724 956 2813 ipseautemAriovistus
966 2735 1035 2790 tan-

10 2829 59 2884 tos
73 2815 136 2882 sibi
148 2817 285 2902 spiritus,
299 2828 417 2884 mutam
430 2820 639 2906 arrogantiam
648 2829 833 2908 sumpserat,
842 2830 877 2885 ut
885 2820 1033 2886 ferendus

10 2936 74 2979 non
86 2913 254 2978 videretur.
282 2912 485 2997 quamobrem
496 2913 613 3000 placuit
622 2916 659 2994 ei,
678 2924 713 2980 ut
726 2916 767 2981 ad
781 2913 978 2980 Ariovistum
988 2915 1035 2981 le-
1051 2933 1085 2985 84

10 3016 102 3095 gatos
111 3009 255 3086 mitteret,
274 3010 328 3092 qui
336 3008 376 3074 ab
386 3032 423 3075 eo
436 3009 637 3095 postularent,
651 3009 697 3074 uti
709 3011 846 3095 aliquem
854 3009 957 3076 locum
969 3032 1034 3074 me·

10 3102 99 3166 dium
113 3103 275 3187 utriusqus
288 3103 442 3187 colloquio
455 3104 584 3169 diceret:
602 3104 682 3170 velle
696 3126 766 3171 sese
779 3105 819 3169 de
831 3102 991 3190 republica
1003 3111 1034 3167 et

10 3195 144 3262 summis
162 3196 324 3279 utriusque
340 3195 436 3263 rebus
454 3219 526 3262 cum
544 3218 581 3263 eo
599 3219 702 3284 agere.
738 3198 767 3263 ei
783 3197 932 3284 legationi
940 3196 1034 3261 Ario-

9 3292 113 3356 vistus
130 3290 307 3377 respondit:
334 3291 455 3376 siquid
475 3291 536 3378 ipsi
553 3315 574 3358 a
591 3292 728 3359 Caesare
746 3314 825 3377 opus
844 3299 941 3368 esset,
964 3312 1035 3356 sese

11 3386 52 3450 sd
69 3407 144 3450 eum
160 3395 327 3450 venturum
345 3385 458 3465 fuisse3
477 3387 505 3451 si
520 3387 597 3471 quid
612 3386 664 3451 ille
682 3408 717 3452 ss
733 3385 818 3462 velit,
836 3383 924 3449 illum
942 3384 983 3450 ad
1000 3406 1035 3450 se

11 3481 119 3545 venire
136 3490 288 3565 oportere.
331 3490 492 3565 praeterea
509 3503 544 3546 se
561 3501 662 3566 neque
684 3480 750 3545 sine
773 3479 910 3544 exercitu
930 3477 965 3543 in
981 3501 1035 3544 eas

9 3587 117 3660 partes
145 3571 268 3640 Galliae
298 3575 404 3639 venire
434 3575 562 3652 audere,
593 3596 672 3658 quas
703 3571 822 3639 Caesar
851 3573 1034 3661 possideret,

11 3690 115 3753 neque
132 3668 303 3733 exercitum
325 3669 393 3734 sine
410 3690 525 3755 magno
548 3680 722 3733 commeatu
744 3679 838 3753 atque
854 3668 1035 3734 molimento

10 3762 45 3827 in
72 3785 174 3828 unum
204 3761 308 3827 locum
337 3762 518 3829 contrahere
547 3783 651 3849 posse.
695 3762 756 3830 sibi
789 3775 893 3828 autem
922 3762 1036 3826 mirum

11 3856 120 3936 videri,
139 3856 217 3942 qurd
236 3857 270 3921 in
288 3879 346 3922 sua
364 3854 482 3937 Gallia,
506 3880 601 3944 quam
617 3856 700 3924 hello
717 3857 859 3935 vicisset,
881 3868 935 3922 aut
954 3855 1036 3925 an-

11 3950 74 4017 sari
108 3960 165 4017 ant
198 3950 325 4018 omnino
357 3952 475 4040 populo
505 3952 651 4019 Romano
684 3951 808 4041 negotii
839 3960 940 4018 esset,
984 3950 1047 4014 his
1059 3968 1100 4016 aa

10 4047 167 4132 responsis
196 4047 239 4111 ad
265 4045 439 4118 Caesarem
468 4049 582 4120 relatis
610 4050 735 4120 iterum
761 4047 811 4116 ad
838 4067 921 4113 eum
942 4042 1075 4108 Qaesan

39 4143 109 4190 Μία
122 4145 211 4191 ὅσων.
884 4145 912 4202 ἱ),
