2414 4336
309 179 429 244 GOMM.
447 181 526 239 VIII.
544 181 647 237 8-11.
927 168 989 236 159

75 328 113 371 re
133 304 220 374 Galli
236 306 386 384 viderent,
405 327 538 391 quorum
555 314 643 372 eraut
660 305 701 371 ad
715 304 884 372 Caesarem
896 306 989 394 plena

75 423 97 467 te
123 400 256 468 consilia
283 399 416 488 perlata,
449 398 515 465 sive
546 398 723 466 certaminis
752 398 891 486 periculo
922 401 988 467 sive

96 496 235 563 adventu
261 495 327 562 sive
355 495 586 581 exspectatione
612 495 711 560 nostri
736 493 858 560 consilii
883 495 988 582 copias

75 601 122 656 mt
139 612 198 678 pro
215 589 325 656 castris
341 610 401 656 nec
412 588 482 655 loco
495 588 654 676 superiore
668 588 831 654 decedunt.
860 586 989 669 Caesar,

75 685 192 751 micare
210 692 384 770 optaverat,
403 692 509 749 tamen
525 683 697 749 admiratus
714 691 833 749 tantam
850 682 990 751 multitu-

87 778 227 845 hostium
244 778 326 844 valle
347 778 526 844 intermissa
547 777 649 865 magis
667 777 701 842 in
723 777 917 844 altitudinem
935 778 989 844 de-

96 896 193 958 quam
214 872 275 940 late
297 881 423 960 patente
445 881 549 939 castra
570 871 680 938 castris
703 872 841 939 hostium
859 872 989 938 confert.

75 976 194 1054 ruperat
209 967 291 1034 vallo
308 968 425 1054 pedum
441 965 515 1032 XII
531 966 659 1046 muniri,
681 965 844 1033 loriculam
860 988 917 1054 per
933 990 990 1054 ag-

75 1063 249 1130 >remeius
275 1062 431 1146 altitudini
457 1061 660 1142 inaedificari;
686 1061 806 1129 fossam
832 1061 989 1151 duplicem

75 1186 80 1222 ι
107 1158 224 1223 denum
244 1157 375 1242 quinum
396 1156 545 1223 lateribus
573 1156 704 1242 deprimi
730 1157 869 1237 directis3
896 1158 988 1223 turris

75 1253 92 1316 i
108 1251 232 1318 crebras
244 1253 277 1316 in
290 1251 485 1317 altitudinem
497 1253 591 1316 trium
604 1250 822 1330 tabulatorum,
840 1251 988 1337 pontibus

75 1349 101 1412 is
125 1347 351 1432 constratisque
373 1347 534 1434 coniungi,
561 1368 694 1431 quorum
714 1345 832 1412 fmntes
854 1346 989 1413 viminea

75 1467 93 1507 a
111 1442 318 1507 munirentur:
340 1449 376 1506 ut
393 1441 433 1507 ab
450 1440 593 1508 hostibus
612 1441 729 1528 duplici
746 1440 847 1519 fossa,
872 1441 989 1528 duplici

75 1544 232 1622 gnatorum
261 1536 368 1601 ordine
395 1535 649 1615 defenderentur,
680 1557 813 1620 quorum
846 1535 923 1601 alter
948 1557 989 1601 ex

76 1654 128 1709 us,
157 1652 220 1714 quo
242 1630 336 1695 tutior
359 1628 521 1695 altitudine
544 1638 640 1708 esset,
667 1630 728 1696 hoc
750 1629 899 1696 audacius
921 1629 989 1697 lon-

75 1747 99 1788 re
117 1724 307 1809 permitteret
324 1723 395 1803 tela,
414 1723 500 1804 alter,
518 1724 573 1809 qui
589 1724 715 1811 propior
732 1725 855 1792 hostem
867 1725 987 1812 inipso

75 1818 231 1884 :ollocatus
246 1826 338 1897 esset,
356 1826 452 1905 ponte
465 1817 505 1884 ab
519 1819 727 1886 incidentibus
737 1820 807 1886 telis
820 1829 986 1909 tegeretur.

80 1913 164 1978 fores
183 1912 368 1998 altioresque
386 1922 486 1979 turres
503 1913 662 2000 imposuit.
693 1915 786 1980 huius
804 1915 984 1981 munitionis
1004 1933 1036 1982 ιο

75 2032 82 2072 ;
100 2017 166 2073 erat
184 2008 356 2074 consilium.
391 2031 526 2094 namque
545 2018 575 2074 et
593 2032 723 2094 operum
740 2009 987 2096 magnitudinem

75 2125 166 2168 rorem
188 2125 281 2168 suum
303 2102 449 2188 sperabat
469 2101 616 2167 fiduciam
643 2101 783 2168 barbaris
810 2103 985 2180 allaturum,

75 2221 94 2260 n
120 2194 302 2282 pabulatum
328 2196 613 2279 frumentatumque
639 2194 763 2282 longius
786 2205 869 2261 esset
894 2195 988 2282 profi-

75 2291 161 2368 dum,
187 2290 292 2375 parvis
319 2290 416 2376 copiis
440 2299 541 2355 castra
566 2288 738 2356 munitione
764 2290 835 2374 ipsa
861 2287 988 2354 videbat

77 2385 212 2450 defendi.
239 2386 363 2450 interim
381 2384 489 2450 crebro
506 2384 615 2471 paucis
633 2384 788 2469 utrimque
805 2405 989 2470 procurren-

75 2480 156 2543 inter
181 2478 255 2545 bina
280 2488 382 2545 castra
403 2478 518 2566 palude
544 2477 705 2543 interiecta
730 2478 986 2557 contendebatur3

88 2583 192 2637 tamen
216 2572 363 2659 paludem
392 2594 626 2658 nonnumquam
657 2582 711 2638 aut
736 2582 843 2639 nostra
873 2571 988 2638 auxilia

77 2690 131 2730 um
163 2664 452 2752 Germanorumque
483 2666 656 2733 transibant
686 2667 850 2753 acriusque
880 2667 988 2734 hostes

75 2760 222 2839 ebantur,
245 2771 299 2827 aut
315 2761 454 2827 vicissim
471 2761 577 2827 hostes
596 2762 706 2828 eadem
728 2763 915 2851 transgressi
930 2784 988 2831 no-

75 2855 197 2941 longius
221 2855 467 2921 summovebant.
516 2855 677 2922 accidebat
698 2868 804 2924 autem
826 2858 988 2924 cotidianis

75 2949 219 3015 itionibus
237 2949 285 3034 (id
302 2951 387 3035 quod
404 2949 545 3016 accidere
563 2959 628 3017 erat
650 2974 793 3032 necesse,
821 2975 893 3019 cum
909 2953 988 3018 raris

75 3044 166 3129 isque
185 3067 224 3111 ex
246 3045 394 3110 aedificiis
416 3042 566 3130 pabulum
589 3045 847 3131 conquireretur),
875 3055 910 3114 nt
930 3047 989 3110 im·

75 3138 174 3203 :locis
197 3138 330 3224 dispersi
351 3138 550 3225 pabulatores
572 3139 881 3218 circumvenirentur3
907 3160 988 3222 quae

75 3231 114 3297 tsi
130 3233 285 3299 mediocre
303 3233 521 3299 detrimentum
542 3234 751 3298 iumentorum
768 3254 806 3297 ac
828 3255 988 3299 servorum

75 3350 81 3389 r
100 3326 258 3406 afferebat,
277 3337 382 3392 tamen
401 3329 512 3393 stultas
530 3326 733 3414 cogitationes
751 3326 901 3393 incitabat
916 3327 988 3394 bar-

75 3443 126 3499 im,
151 3431 244 3506 atque
263 3444 300 3488 eo
323 3422 439 3509 magis,
463 3422 549 3508 quod
568 3420 745 3501 Commius,
768 3444 863 3507 quem
883 3423 988 3510 profe-

75 3516 106 3579 rd
119 3515 235 3582 auxilia
249 3513 477 3582 Germanorum
490 3515 676 3581 arcessenda
693 3516 793 3596 docui,
812 3539 885 3583 cum
902 3518 989 3601 equi-

79 3618 218 3690 venerat3
255 3610 309 3695 qui
338 3609 463 3675 tametsi
492 3631 621 3675 numero
651 3632 716 3676 non
741 3610 874 3698 amplius
901 3620 990 3676 erant

75 3704 139 3782 enti,
154 3713 259 3769 tamen
274 3700 502 3770 Germanorum
517 3704 653 3770 adventu
664 3704 789 3771 barbari
801 3703 988 3770 nitebantur.

75 3823 96 3877 r,
115 3821 187 3864 cum
200 3799 457 3866 animadverteret
471 3797 594 3865 hostem
607 3800 782 3886 complures
797 3799 864 3865 dies
878 3799 988 3866 oashis
1007 3821 1038 3869 11

75 3918 81 3958 r
103 3903 134 3958 et
150 3893 211 3960 loci
232 3903 343 3961 natura
363 3893 491 3962 munitis
513 3917 548 3961 se
569 3903 674 3962 tenere
690 3915 792 3980 neque
814 3895 989 3981 oppugnari

87 4010 194 4054 eorum
211 3989 279 4056 sine
296 3987 493 4058 dimicatione
509 3988 684 4081 perniciosa
700 4009 759 4057 nec
770 3989 875 4056 locum
886 3990 989 4058 muni-
