2414 4336
395 238 512 296 nonu.
528 239 551 294 1.
569 237 686 295 to-n,
1010 218 1051 292 21

65 363 234 431 ntnrnitate
251 361 326 430 belli
343 362 520 451 defetigatis
540 361 641 430 Gallis
658 362 864 441 Ariovistum,
883 383 956 429 cum
972 361 1053 428 mul-

65 485 80 527 s
109 479 232 525 menses
260 460 369 526 castris
392 482 427 525 se
454 480 491 524 ac
517 457 684 544 paludibus
706 459 858 524 tenuisset
878 479 981 542 neque
1003 457 1053 522 sui

65 568 219 621 >testatem
236 552 377 631 fecisset,
399 553 601 639 desperantes
619 552 683 618 iam
700 552 739 617 de
760 573 868 640 pugna
885 560 917 618 et
933 551 1053 638 disper-

65 675 89 716 »s
113 650 214 716 subito
236 649 379 715 adortum
401 648 502 736 magis
524 648 644 715 ratione
667 657 698 714 et
720 648 849 715 consilio
875 670 970 734 quam
990 649 1053 714 vir-

65 744 244 811 devicisse.
288 744 338 809 cui
359 742 471 810 rationi
492 754 600 809 contra
619 742 762 809 homines
783 742 933 809 barbaros
959 751 1052 828 atqne

65 839 194 927 speritos
218 838 306 905 locus
332 837 459 916 fuisset,
489 837 549 903 hac
574 859 614 903 ns
639 837 744 923 ipsum
773 838 902 922 quidem
927 860 1052 925 sperare

65 945 157 1001 istros
181 932 332 999 exercitus
355 932 425 1020 capi
445 953 550 1019 posse.
594 931 648 1017 qui
670 954 763 998 suum
785 933 929 1000 timorem
949 932 984 997 in
1007 932 1051 999 rei

65 1028 253 1095 lamentariae
279 1028 507 1094 simulationem
532 1026 756 1114 angustiasque
786 1028 904 1095 itineris
931 1027 1052 1095 confer-

65 1135 115 1203 nt,
143 1123 247 1190 facere
269 1132 463 1210 arroganter,
490 1143 563 1186 cnm
584 1131 638 1186 ant
660 1120 699 1187 de
725 1121 830 1188 officio
856 1122 1051 1210 imperatoris

65 1242 199 1307 esperare
230 1229 284 1285 aut
312 1218 523 1305 praescribere
554 1217 743 1284 viderentur.
786 1216 865 1284 haec
895 1218 958 1284 sibi
982 1240 1052 1285 esse

65 1338 141 1393 nae3
158 1314 349 1380 frumentum
368 1311 543 1399 Sequanos,
560 1312 702 1391 Leucos,
720 1311 885 1399 Lingones
902 1311 1053 1378 submini-

65 1431 145 1487 rare,
171 1409 295 1495 iamque
314 1431 383 1475 esse
400 1409 434 1473 in
451 1408 535 1494 agris
553 1406 710 1473 frumenta
726 1417 862 1497 matura3
887 1407 928 1472 de
944 1406 1052 1473 itinero

67 1526 118 1569 sos
136 1502 225 1570 brevi
241 1514 381 1590 tempore
398 1503 598 1569 iudicaturos.
629 1501 714 1587 quod
730 1523 794 1567 non
810 1501 877 1567 fore
895 1501 979 1568 dicto
997 1524 1053 1568 an-

65 1610 153 1665 entes
170 1598 283 1664 milites
301 1620 402 1683 neque
420 1599 511 1684 signa
527 1597 620 1662 laturi
636 1597 790 1675 dicantur,
816 1595 894 1662 nihil
912 1618 946 1664 se
964 1618 1002 1663 ea
1018 1619 1053 1664 re

65 1694 236 1759 tmmoveri:
255 1694 333 1759 scire
351 1693 444 1771 enim,
462 1692 711 1778 quibuscumque
727 1691 882 1757 exercitus
900 1691 984 1758 dicto
997 1715 1052 1759 an-

65 1811 121 1854 cns
139 1811 203 1853 non
220 1787 323 1866 fuerit,
341 1798 395 1853 aut
411 1786 493 1853 male
510 1809 544 1853 re
561 1795 651 1874 gesta
663 1785 821 1852 fortunam
833 1785 982 1867 defuisse,
999 1796 1053 1852 aut

65 1885 137 1968 iquo
154 1883 291 1950 facinore
309 1895 469 1970 comperto
485 1883 647 1949 avaritiam
664 1905 734 1949 esse
752 1883 936 1948 convictam.
963 1905 1053 1948 suam

65 1979 239 2044 nocentiam
256 1989 407 2066 perpetua
427 1978 506 2057 vita,
534 1977 714 2043 felicitatem
730 1976 950 2043 Helvetiorum
970 1975 1053 2043 bello

67 2094 102 2137 se
119 2083 324 2159 perspectam.
352 2074 457 2159 itaque
476 2095 520 2151 se,
539 2072 624 2157 quod
639 2072 674 2136 in
689 2071 862 2158 longiorem
879 2069 963 2136 diem
989 2071 1052 2135 col-

65 2177 151 2232 tnrns
177 2167 304 2246 fuisset,
334 2176 636 2255 repraesentaturum
666 2175 697 2232 et
725 2166 868 2252 proxima
896 2173 987 2231 nocte
1013 2165 1052 2229 da

65 2271 144 2325 tarta
155 2261 263 2348 vigilia
275 2273 377 2328 castra
389 2272 556 2339 moturum,
569 2270 604 2325 ut
616 2282 712 2344 quam
724 2258 860 2344 primum
872 2257 1052 2344 intellegere

65 2363 149 2433 sset,
167 2365 272 2421 utrum
290 2357 373 2442 apud
386 2378 439 2422 eos
453 2357 555 2443 pudor
567 2364 661 2439 atque
673 2352 822 2430 cilicium,
841 2375 882 2417 an
895 2351 987 2417 timor
997 2374 1053 2416 va

65 2460 119 2515 ret.
163 2450 293 2533 quodsi
314 2460 474 2536 praeterea
494 2471 586 2515 nemo
609 2457 771 2533 sequatur,
797 2455 902 2512 tamen
924 2467 959 2512 sc
981 2467 1053 2511 cum

66 2543 100 2608 la
117 2543 239 2608 decima
255 2543 378 2630 legione
395 2544 520 2622 iturum,
538 2543 578 2608 de
591 2564 653 2627 qna
668 2564 733 2607 non
748 2540 912 2619 dubitaret,
931 2538 1053 2624 sibique

65 2661 103 2701 .m
126 2636 311 2722 praetoriam
334 2637 492 2702 cohortem
514 2636 663 2702 futuram.
706 2635 780 2701 huic
800 2634 916 2723 legioni
934 2632 1054 2701 Caesar

89 2731 261 2797 indulserat
291 2733 457 2818 praecipue
488 2741 519 2796 et
548 2740 675 2818 propter
703 2731 849 2797 virtutem
879 2727 1055 2797 confidebat
1088 2758 1090 2764 ,

65 2826 180 2892 anime.
224 2825 284 2892 hac
305 2826 443 2892 oratione
465 2825 572 2892 habita
592 2825 705 2892 mirum
726 2825 760 2891 in
776 2826 905 2891 modum
926 2846 1054 2891 conver·
1072 2837 1103 2884 41

65 2944 87 2986 ‚a
106 2929 179 2986 sunt
196 2920 335 2986 omnium
352 2931 482 3000 mentes,
502 2942 687 3006 summaque
700 2919 843 2986 alacritas
857 2929 888 2986 et
901 2919 1054 3005 cupiditas

65 3015 107 3080 elli
125 3015 254 3101 gerendi
271 3015 377 3082 innata
394 3025 451 3095 est,
469 3015 677 3103 princepsque
693 3014 814 3080 decima
831 3014 913 3101 legio
930 3036 986 3100 per
1001 3012 1056 3077 tri-

64 3131 137 3174 mos
154 3109 288 3175 militum
305 3110 335 3175 ei
351 3111 467 3197 gratias
486 3111 563 3198 egit,
591 3109 675 3195 qnod
692 3109 732 3174 de
750 3131 784 3175 se
806 3109 957 3195 optimum
974 3105 1055 3171 indi-

65 3228 118 3269 um
131 3203 269 3282 fecisset,
285 3226 380 3289 seque
394 3227 463 3270 esse
472 3204 638 3271 adbellum
646 3205 817 3292 gerendum
825 3201 1055 3290 paratissimam

65 3298 237 3364 infirmavit.
263 3299 376 3364 deinde
392 3297 529 3382 reliquae
541 3298 680 3386 legiones
696 3321 753 3385 per
764 3295 905 3362 tribunos
921 3294 1055 3359 militnm

79 3393 253 3480 primorum
270 3393 414 3460 ordinum
431 3393 626 3460 centuriones
644 3399 784 3480 egerunt,
802 3391 848 3455 uti
862 3389 992 3456 Caesari
1005 3413 1055 3456 sa

65 3489 227 3554 sfacerent:
254 3510 288 3555 se
309 3510 411 3574 neque
432 3509 581 3572 nmquam
603 3488 763 3554 dubitasse
785 3506 888 3570 neque
913 3484 1055 3551 timuisse

65 3605 136 3667 eque
163 3583 202 3649 de
224 3607 346 3651 summa
370 3582 446 3649 belli
472 3605 564 3648 sunm
588 3578 752 3658 iudicium,
780 3580 836 3646 sed
860 3579 1053 3667 imperatoris

65 3700 115 3756 se,
133 3676 371 3743 existimavisse.
399 3700 506 3743 eorum
525 3676 736 3742 satisfactione
753 3686 883 3761 accepta
900 3685 931 3740 et
946 3674 1055 3739 itinere

65 3771 191 3856 :quisito
207 3794 264 3857 per
275 3771 478 3850 Divitiacum,
497 3771 582 3856 quod
599 3792 639 3835 ex
656 3769 724 3836 aliis
738 3769 767 3836 ei
778 3770 948 3835 maximam
959 3768 1054 3833 fidem

65 3865 185 3942 abebat,
211 3874 247 3929 ut
268 3865 388 3930 milium
410 3865 544 3951 amplius
570 3864 797 3951 quinquaginta
821 3862 952 3928 circuitu
975 3862 1053 3929 locis

65 3960 151 4026 tertis
169 3960 338 4026 exercitum
360 3959 500 4038 duceret,
527 3959 567 4024 de
589 3968 699 4045 quarta
720 3957 843 4046 vigilia,
867 3966 904 4022 ut
924 3957 1060 4035 dixerat,

65 4053 191 4121 ascerus
212 4064 269 4123 eat.
317 4054 454 4143 septimo
477 4055 545 4138 die,
572 4079 650 4127 cum
667 4056 730 4127 iter
751 4077 823 4126 non
840 4052 1088 4124 intermitteret,
