2414 4336
435 218 755 278 conrivato-114.
1042 205 1103 274 113

75 340 256 410 3aesarem
274 343 421 410 exercitu.
465 345 511 410 sic
534 344 659 410 omnino
682 346 802 410 animos
825 345 918 410 timor
938 366 1106 430 praeoccu-

75 449 227 523 paverat,
255 447 291 504 ut
310 460 411 526 paene
428 438 561 505 alienata
582 449 686 505 mente
710 439 821 505 deletis
843 438 988 505 omnibus
1006 440 1103 527 copiis

75 533 258 620 amatum
284 543 406 600 tantum
432 556 466 602 se
492 557 532 601 ex
557 533 635 622 fuga
658 534 815 622 recepisse
841 534 978 600 dicerent
1002 555 1104 620 neque

75 625 233 694 'moolumi
254 628 393 695 exercitu
416 625 591 696 Germanos
618 638 720 696 casua
746 638 980 717 oppugnaturos
1005 628 1105 695 fuisse

75 723 317 789 oontenderent.
360 744 455 808 quem
472 722 615 790 timorem
634 722 780 790 Caesaris
798 724 951 789 adventus
969 722 1104 788 sustulit

75 835 230 882 reversus
242 816 295 882 ille
312 824 441 883 eventus
454 816 529 882 belli
540 840 603 883 non
615 817 763 905 ignorans
776 840 884 896 unum,
899 816 984 902 quod
995 815 1105 882 cohor·
1122 832 1155 882 ta

75 915 132 976 ner
150 931 191 976 ex
209 910 341 977 statione
359 919 389 976 et
405 910 560 997 praesidio
578 920 684 977 essent
701 913 843 991 emissae,
862 919 1048 996 questus-
1064 932 1105 976 ne

75 1003 217 1071 minimo
233 1005 360 1090 quidem
377 1027 453 1073 casu
470 1005 574 1072 locum
594 1005 728 1090 relinqui
749 1005 896 1072 debuisse
913 1044 955 1055 -
972 1005 1105 1070 multum

75 1095 242 1165 fortunam
258 1099 292 1170 in
308 1100 470 1187 repentino
483 1100 621 1166 hostium
637 1100 775 1167 adventu
790 1101 930 1187 potuisse
947 1100 1105 1176 iudicavit,

82 1192 183 1259 multo
201 1193 295 1261 etiam
312 1193 461 1280 amplius,
482 1194 567 1279 quod
583 1215 683 1280 paene
701 1193 741 1259 ab
758 1194 828 1281 ipso
845 1193 929 1260 vallo
945 1194 1104 1281 portisque

94 1296 256 1354 asnorum
281 1287 429 1354 barbaros
456 1288 629 1354 avertisset.
676 1310 808 1373 quarum
834 1288 973 1354 omnium
1001 1310 1106 1354 rerum

95 1382 220 1448 maxime
246 1382 461 1448 admirandum
486 1382 663 1462 videbatur,
690 1383 776 1468 quod
798 1379 961 1461 Germani,
988 1382 1042 1466 qui
1067 1403 1105 1449 eo

98 1476 215 1543 oonsdio
237 1476 384 1543 Rhenum
405 1477 605 1555 transierant,
631 1487 667 1542 ut
687 1476 883 1565 Ambiorigis
909 1476 987 1542 fines
1010 1477 1106 1563 depo-

75 1568 278 1651 ¹palarentur,
309 1571 350 1636 ad
380 1580 482 1638 castra
506 1571 721 1638 Romanorum
752 1571 847 1637 delati
876 1571 1105 1659 optatissimum

99 1657 263 1752 Ambiorigi
279 1664 466 1731 beneficium
483 1665 670 1732 obtulerunt.

148 1757 269 1826 Caesar
287 1782 397 1826 rursus
423 1760 464 1825 ad
485 1761 645 1826 vexandos
670 1759 776 1826 hostes
803 1759 963 1847 profectus
988 1781 1104 1847 magno
1121 1778 1155 1828 aa

78 1850 192 1945 {cato
217 1875 347 1920 numero
373 1877 413 1921 ex
437 1854 576 1922 finitimis
602 1855 779 1922 civitatibus
805 1857 839 1921 in
863 1879 974 1923 omnes
999 1865 1103 1943 partes

77 1939 222 2014 dimittit
263 1971 372 2015 omnes
389 1948 451 2015 vici
468 1957 562 2034 atque
579 1949 684 2016 omnia
701 1949 856 2029 aedificia,
875 1973 955 2035 quae
972 1950 1105 2036 quisque

75 2053 297 2128 'eonspexerat
315 2043 572 2123 incendebantur3
589 2044 706 2131 praeda
723 2067 763 2110 ex
781 2044 926 2111 omnibus
939 2044 1016 2110 locis
1031 2066 1106 2131 age·

83 2121 189 2216 batum
210 2136 367 2203 frumenta
387 2160 450 2203 non
472 2138 574 2204 solum
590 2161 610 2204 a
626 2147 713 2203 tanta
733 2138 930 2204 multitudine
951 2138 1105 2203 iumento-

76 2239 153 2295 1um
170 2239 263 2316 atque
280 2231 442 2298 hominum
459 2231 730 2310 consumebantur,
749 2233 807 2298 sed
824 2232 918 2298 etiam
935 2231 1009 2297 anni
1026 2240 1105 2296 tem-

75 2334 273 2411 pereatque
298 2325 451 2393 imbribus
476 2327 720 2414 procubuerant,
747 2335 795 2405 ut,
823 2325 852 2391 si
877 2325 932 2412 qui
957 2325 1051 2390 etiam
1071 2324 1105 2389 in

75 2421 259 2500 praesentia
284 2443 319 2487 se
345 2421 568 2501 occultassent,
599 2431 705 2488 tamen
730 2420 780 2487 his
807 2421 941 2487 deducto
967 2418 1105 2486 exercitu

75 2526 186 2580 rerum
204 2515 342 2581 omnium
359 2516 465 2603 inopia
481 2516 675 2604 pereundum
695 2515 863 2581 rideretur.
906 2538 944 2582 ac
962 2536 1055 2602 saepe
1071 2513 1106 2579 in

75 2626 157 2674 eum
172 2609 277 2677 locum
294 2620 422 2676 ventum
440 2621 487 2679 est
504 2621 590 2678 tanto
606 2612 640 2677 in
657 2610 759 2678 omnis
780 2611 877 2698 parfia
900 2611 1001 2678 diviso
1019 2609 1106 2695 equi-

75 2709 165 2783 tatu,
192 2713 228 2770 ut
244 2705 337 2772 modo
353 2706 458 2773 visum
479 2706 519 2772 ab
538 2728 572 2772 se
589 2706 809 2795 Ambiorigem
829 2706 863 2771 in
879 2704 958 2794 fuga
974 2704 1105 2772 obcum-

81 2798 239 2885 spioerent
264 2799 379 2887 captivi
403 2822 463 2866 nee
491 2800 584 2887 plane
615 2801 709 2867 etiam
735 2800 839 2867 abisse
866 2823 905 2866 ex
936 2808 1106 2887 conspectu

85 2893 318 2973 contenderent,
344 2902 380 2960 ut
398 2916 455 2981 spe
472 2896 683 2980 consequendi
705 2895 791 2961 illata
812 2905 906 2982 atque
923 2895 1044 2960 infinito
1060 2894 1107 2960 la·

85 2984 158 3054 bore
172 2997 328 3074 suscepto,
346 2988 402 3074 qui
414 3011 448 3055 se
462 3010 618 3054 summam
631 2988 671 3055 ab
682 2987 818 3056 Caesare
830 2989 963 3076 gratiam
975 2989 1105 3053 inituros

86 3091 237 3168 putarent,
255 3105 355 3169 paene
367 3091 511 3149 naturam
525 3084 628 3150 studio
641 3083 810 3163 vincerent,
830 3105 1014 3169 semperque
1026 3104 1105 3168 pau-

85 3173 147 3242 lum
165 3176 208 3242 ad
225 3199 379 3242 summam
396 3175 577 3243 felicitatem
593 3178 733 3245 defuisse
749 3178 920 3254 videretur,
938 3185 1037 3260 atque
1053 3175 1106 3241 ille

86 3267 210 3337 latebris
233 3278 287 3335 aut
308 3270 438 3337 saltibus
462 3294 497 3337 se
514 3272 646 3359 eriperet
664 3281 695 3338 et
716 3281 811 3337 noctu
833 3269 1006 3336 occultatus
1028 3269 1105 3335 alias

87 3365 227 3453 regiones
243 3374 410 3451 partesque
431 3375 550 3452 peteret
570 3389 634 3432 non
651 3366 767 3432 maiore
789 3364 929 3450 equitum
950 3363 1105 3450 praesidio

88 3478 178 3540 quam
195 3467 355 3544 quattuor,
377 3459 492 3544 quibus
514 3460 589 3527 solis
611 3461 708 3526 vitam
726 3481 816 3525 suam
837 3457 1030 3525 committere
1051 3481 1106 3523 au-

90 3551 187 3621 debat.
236 3553 291 3618 tali
312 3553 406 3620 modo
431 3555 561 3620 vastatis
587 3553 767 3640 regionibus
794 3553 965 3619 exercitum
988 3551 1106 3619 Caesar
1123 3569 1157 3618 44

88 3645 218 3715 duarum
230 3646 404 3713 cohortium
416 3647 530 3714 damno
542 3646 791 3713 Durocortomm
803 3646 974 3713 Remorum
986 3643 1105 3710 reducit

86 3741 277 3826 ancilicqua
294 3741 328 3806 in
345 3763 417 3808 eum
433 3741 536 3808 locum
555 3737 678 3808 Galbae
700 3741 817 3808 indicto
836 3741 876 3807 de
893 3737 1105 3806 coniuratione

82 3831 248 3904 Senonum
265 3843 297 3900 et
311 3834 484 3902 Carnutum
501 3835 716 3920 quaestionem
733 3835 849 3902 habere
869 3832 1002 3899 instituit
1018 3841 1050 3898 et
1066 3832 1106 3899 de

77 3931 224 4009 Accone,
238 3929 292 4013 qui
304 3929 449 4017 princeps
462 3929 531 3995 eius
539 3929 661 3996 consilii
673 3929 784 4009 fuerat,
798 3927 940 4017 graviore
954 3926 1107 3994 sententia

75 4022 279 4165 prpnunp‘ata
294 4046 384 4091 more
401 4025 560 4094 maiorum
578 4025 774 4120 supplicium
789 4022 942 4113 sumpsit,
975 4019 1130 4088 nonnffix

131 4121 191 4166 altar
216 4131 311 4190 marg
947 4123 977 4182 ᾗ
