2414 4336
403 226 521 288 GOMM.
537 229 603 288 VII.
620 227 744 286 56-59.
764 231 768 237 “
1021 214 1085 286 139

69 342 151 435 hin·
160 338 270 421 inbula
280 354 419 422 fluminis
432 353 608 441 Sequanae.
635 354 724 420 ouius
737 353 875 420 adventu
887 352 928 420 ab
939 353 1083 422 hostibus

76 507 90 528 ἵ
103 480 127 522 11⁴
136 447 181 516 'to
193 472 333 538 magnas
345 472 387 516 ex
397 449 537 516 finitimis
552 448 731 517 civitatibus
745 448 853 536 copiae
862 458 1083 516 convenerunt.

108 584 109 592 κ
159 568 179 610 a
195 543 326 632 imperii
346 545 479 610 traditur
497 543 713 634 Camulogeno
730 542 883 623 Aulerco,
909 543 965 628 qui
986 565 1084 631 prope

96 647 221 705 ,ectus
237 647 348 705 aetate
368 649 473 704 tamen
494 647 621 725 propter
642 637 834 726 singularem
857 637 1019 704 scientiam
1038 637 1085 705 rei

106 762 146 790 ψ,
185 764 192 791 ;
216 733 260 799 ad
277 755 349 798 eum
369 744 417 799 est
433 734 585 800 honorem
607 743 766 800 evocatus.
800 733 829 799 is
852 755 923 799 cum
945 732 1086 799 animad-

124 825 201 895 -'et=:
221 838 407 915 perpetuam
429 850 500 895 esse
521 827 683 914 paludem,
706 849 787 913 quae
808 827 952 894 influeret
972 827 1006 892 in
1024 825 1083 894 Se·

134 953 152 977 .2
169 955 185 981 o
213 933 308 1008 atque
323 921 413 988 illum
431 944 559 989 omnem
575 921 680 988 locum
697 943 886 1010 magnopere
908 921 1081 1009 impediret,

112 1017 270 1084 'consedit
287 1024 474 1102 nostrosque
496 1015 629 1082 transitu
645 1016 811 1103 prohibere
832 1015 974 1083 instituit.
1018 1017 1085 1082 La·
1103 1035 1136 1085 58

112 1132 169 1179 uus
186 1113 290 1199 primo
307 1111 415 1178 vineas
429 1133 532 1200 agere,
551 1110 688 1178 cratibus
701 1120 796 1196 atque
810 1133 926 1199 aggere
938 1111 1086 1198 paludem

112 1231 122 1257 ἢ·
134 1227 184 1272 cre
200 1215 296 1291 atque
312 1205 373 1271 iter
388 1206 511 1273 munire
533 1205 713 1272 conabatur.
758 1215 926 1292 postquam
947 1206 981 1271 id
1003 1205 1089 1272 diffi:

109 1324 144 1357 u:
166 1299 296 1366 confieri
314 1300 546 1379 animadvertit,
565 1296 689 1366 silentio
707 1321 725 1365 e
743 1300 854 1366 eastris
872 1299 962 1365 tertia
979 1300 1087 1387 vigilia

97 1422 108 1459 ,⁴
124 1415 206 1460 ¹zsus
233 1394 358 1472 eodem,
385 1416 448 1479 quo
474 1403 616 1473 venerat,
643 1394 753 1460 itinere
779 1392 989 1460 Melodunum
1014 1415 1086 1480 per-

94 1486 152 1554 ‹r‘t
196 1488 232 1553 id
250 1496 298 1554 est
315 1487 465 1575 oppidum
485 1485 647 1554 Senonum
668 1488 702 1552 in
724 1487 827 1555 insula
846 1485 1013 1573 Sequanae
1029 1508 1086 1574 po-

77 1581 113 1675 su
130 1613 164 1662 a,
183 1592 219 1648 ut
235 1584 330 1670 paulo
348 1591 420 1648 ante
438 1583 478 1648 de
491 1582 620 1649 Lutetia
638 1583 783 1649 dimmus.
811 1581 1013 1669 deprehensis
1030 1605 1087 1648 na-

97 1700 103 1725 ·
121 1706 146 1733 1:
175 1676 299 1742 circiter
319 1676 547 1764 quinquaginta
568 1677 770 1763 celeriterque
796 1677 968 1744 coniunctis
993 1688 1086 1763 atque

69 1766 95 1825 '0
120 1770 274 1837 militibus
295 1769 417 1838 iniectis
440 1780 472 1837 et
492 1773 539 1837 rei
558 1772 698 1838 novitate
718 1772 888 1860 perterritis
910 1772 1085 1860 oppidanis,

69 1858 194 1959 Forum
211 1889 328 1953 magna
344 1888 418 1952 pars
437 1876 503 1933 erat
522 1867 563 1932 ad
579 1866 696 1934 bellum
715 1878 857 1947 evocata,
877 1869 944 1934 sinc
961 1876 1088 1934 conten·

69 1966 147 2026 lune
169 1960 287 2046 oppido
307 1961 433 2047 potitur.
481 1960 599 2028 refecto
621 1971 729 2048 ponte,
757 1985 852 2048 quem
874 1962 1086 2049 superioribus

69 2039 174 2121 Rebus
190 2054 299 2121 hostes
315 2055 521 2135 resciderunt,
547 2057 719 2122 exercitum
740 2057 873 2122 traducit
895 2066 926 2121 et
948 2055 1087 2121 secundo

69 2130 191 2214 lumine
209 2149 250 2214 ad
266 2148 429 2216 Lutetiam
445 2150 505 2216 iter
521 2150 625 2216 facere
642 2150 754 2237 coepit.
785 2150 892 2216 hostes
909 2171 945 2215 re
962 2149 1087 2235 cognita

69 2232 103 2308 lb
118 2241 173 2322 iis,
200 2242 256 2328 qui
273 2267 292 2308 a
308 2241 482 2310 Meloduno
499 2244 659 2333 fugerant,
685 2245 848 2310 Lutetiam
864 2244 989 2310 incendi
1009 2266 1088 2332 pon-

69 2356 172 2424 esque
189 2339 257 2406 eius
276 2339 383 2426 oppidi
399 2340 534 2407 rescindi
550 2341 672 2420 iubent3
694 2341 756 2427 ipsi
777 2339 909 2427 profecti
931 2365 950 2405 a
972 2340 1086 2427 palude

69 2432 105 2499 td
134 2433 218 2521 rIpas
246 2431 413 2520 Sequanae
429 2429 462 2501 'e
492 2436 619 2522 regione
634 2433 793 2500 Lutetiae
819 2442 927 2500 contra
950 2432 1086 2500 Labieni

69 2535 166 2594 casua
182 2529 358 2595 considunt
394 2529 458 2595 iam
477 2529 596 2596 Caesar
613 2554 632 2595 a
651 2528 811 2618 Gergovia
828 2529 1012 2596 discessisse
1031 2553 1086 2596 au·
1104 2549 1136 2600 59

69 2621 220 2702 bebatur,
238 2624 302 2688 iam
315 2624 355 2688 de
364 2623 572 2690 Haeduorum
585 2623 759 2691 defectione
773 2635 804 2691 et
818 2625 954 2691 secundo
965 2622 1087 2691 Galliae

69 2727 149 2783 motu
169 2740 318 2785 rumores.
334 2719 556 2797 afferebantur,
585 2715 732 2805 Gallique
755 2721 787 2785 in
811 2720 973 2805 colloquiis
990 2721 1087 2787 inter-

69 2809 186 2879 elusum
212 2811 323 2879 itinere
349 2823 380 2878 et
400 2814 512 2901 Ligeri
535 2812 705 2880 Caesarem
730 2815 836 2902 inopia
861 2815 1010 2881 frumenti
1036 2837 1087 2882 co-

69 2915 167 2973 actum
184 2909 218 2971 iu
234 2909 427 2994 provinciam
444 2909 641 2975 contendisse
660 2909 893 2977 confirmabant
922 2910 1086 2977 Bellovaci

70 3009 169 3068 autem
186 3001 361 3068 defectione
377 3003 583 3069 Haeduorum
602 3004 741 3090 cognita,
765 3005 820 3088 qui
837 3015 908 3069 ante
927 3014 1014 3069 erant
1030 3025 1087 3090 per

71 3110 99 3159 se
119 3095 278 3176 infideles,
305 3119 417 3163 manns
445 3119 557 3184 cogere
584 3106 677 3183 atque
703 3108 809 3183 aperte
835 3097 952 3163 bellum
977 3119 1086 3183 parare

71 3186 241 3278 coeperunt.
268 3199 336 3256 tum
347 3191 510 3257 Labienus
524 3201 611 3257 tanta
622 3214 727 3257 rerum
740 3190 981 3257 commutatione
993 3189 1087 3279 longe

69 3279 147 3350 diod
165 3282 227 3350 sibi
244 3285 430 3370 capiendum
448 3286 628 3363 consilium,
647 3296 741 3370 atquc
758 3295 851 3350 antea
868 3294 1022 3364 senserat,
1040 3284 1088 3351 in-

69 3375 230 3465 tellegebat
247 3399 349 3463 neque
365 3379 438 3458 iam,
457 3387 493 3443 ut
509 3379 628 3464 aliquid
645 3378 818 3463 acquireret
834 3378 1014 3464 proelioque
1031 3379 1087 3446 ho-

69 3479 126 3539 ltes
144 3471 327 3552 lacesseret,
356 3474 412 3539 sed
434 3483 469 3539 ut
489 3473 678 3539 incolumem
700 3472 870 3538 exercitum
886 3471 1087 3560 Agedincum

69 3567 238 3647 educeret,
266 3566 432 3655 cogitabat.
475 3589 611 3652 namque
633 3567 730 3633 altera
751 3589 791 3632 ex
811 3577 899 3655 parts
916 3568 1085 3649 Bellovaci,

69 3682 141 3748 puae
158 3660 269 3727 civitas
286 3662 320 3726 in
339 3659 443 3729 Gallia
460 3663 629 3728 maximam
646 3661 742 3727 habet
759 3663 937 3749 opinionem
953 3663 1085 3743 virtutis,

69 3754 230 3834 nutabant,
245 3755 374 3823 alteram
389 3756 624 3845 Camulogenus
637 3765 746 3842 parato
760 3767 853 3842 atque
866 3758 1018 3824 instructo
1032 3779 1086 3824 ex-

69 3850 158 3916 :rcitu
172 3849 297 3916 tenebat
302 3876 312 3930 ;
331 3862 397 3917 tum
414 3851 555 3941 legiones
572 3850 761 3937 apraesidio
774 3861 868 3936 atque
880 3851 1087 3936 impedimen·

69 3946 98 4011 is
116 3942 303 4012 interclusas
321 3946 494 4013 maximnm
518 3946 636 4012 flumen
652 3944 830 4011 dietinebat.
869 3944 963 4012 tantis
982 3944 1086 4014 subito

69 4039 297 4109 lifficultatibus
324 4041 453 4110 obiectis
480 4041 520 4109 ab
546 4040 643 4115 animi
654 4041 777 4128 ,virtuto
803 4039 953 4108 auxilium
978 4051 1087 4132 petau-

1102 4192 1105 4199 -
1177 4152 1186 4207 l
