2414 4336
323 255 441 311 coum.
458 256 511 310 111.
529 255 647 312 14-17.
952 241 997 307 49
1100 208 1106 216 ’

10 387 70 457 mt,
96 380 226 466 navigio
251 378 347 444 remis
372 378 500 445 incitato
525 378 833 467 praerumpebantur.
882 378 996 463 quibus

10 471 103 555 susis
122 483 287 540 antemnae
304 474 482 541 necessario
500 473 719 553 concidebant,
737 481 786 554 ut,
805 494 877 539 oum
894 474 997 540 omnis

10 562 102 655 illicis
119 568 255 636 navibus
275 591 348 656 spes
370 569 403 635 in
420 569 499 635 vebs
517 572 780 654 armamentisque
802 568 996 648 consisteret,

10 680 34 729 Ι.
51 662 162 750 ereptis
190 663 291 730 omnis
313 686 391 731 usus
412 665 541 730 navium
562 686 627 730 uuo
654 673 792 750 tempore
820 662 997 749 eriperetur.

10 748 125 840 ,fluum
142 768 210 824 erat
227 770 384 825 certamen
399 758 539 845 positum
555 758 590 822 in
607 758 731 836 virtute,
749 779 813 842 qua
829 755 927 822 nostri
940 753 999 818 mi-

10 864 50 943 ξε
62 851 153 918 facile
171 852 370 940 superabant,
388 861 482 937 atque
500 874 538 918 ec
555 852 667 939 magis,
687 851 770 937 quod
784 852 817 916 in
830 857 1000 935 conspectu

10 947 120 1014 nasas
139 957 233 1032 atque
251 947 352 1013 omnis
371 947 526 1013 exercitus
544 969 596 1013 res
613 946 796 1034 gerebatur,
822 954 858 1010 ut
878 943 1000 1009 nullum

10 1036 66 1119 leo
81 1042 197 1109 fortius
215 1041 335 1108 lactum
351 1042 449 1109 latere
466 1052 589 1129 posset;
615 1065 725 1109 omnes
747 1043 832 1108 enim
849 1041 944 1108 colles
962 1062 1000 1107 ac

10 1140 44 1203 Β
57 1137 234 1224 superiora,
260 1138 345 1203 unde
363 1146 430 1202 erat
446 1137 642 1225 propinquus
665 1139 832 1224 despectus
854 1138 887 1203 in
904 1157 1000 1216 mare,

10 1258 18 1299 ·.
29 1232 172 1299 exercitu
189 1232 385 1299 tenebantur.
431 1232 584 1311 disiectis,
607 1243 643 1298 ut
660 1233 812 1311 diximus,
835 1231 999 1309 antemnis,
1019 1249 1051 1299 15

10 1336 43 1387 m
61 1325 207 1415 singulas
224 1325 316 1392 binae
334 1335 494 1393 aeternae
516 1349 613 1392 naves
637 1327 916 1404 circumsteterant,
943 1325 1002 1389 mi-

10 1426 37 1482 '3'
59 1442 188 1486 summa
209 1421 242 1487 vi
263 1420 483 1487 transcendere
503 1421 539 1486 in
555 1421 694 1487 hostium
715 1443 812 1488 naves
835 1419 1003 1486 contende-

10 1519 55 1581 1t.
103 1514 191 1600 quod
207 1525 374 1601 postquam
392 1514 518 1581 barbari
534 1515 603 1581 fieri
624 1515 920 1594 animadverterunt,
948 1536 1003 1579 ex-

10 1610 122 1688 gnatis
132 1609 346 1695 compluribus
355 1609 499 1690 navibus,
515 1632 588 1676 cum
597 1610 627 1675 ei
634 1611 680 1676 rei
688 1610 808 1675 nullum
817 1609 1003 1696 reperiretur

10 1699 136 1782 tilium,
156 1703 235 1791 fuga
252 1704 385 1769 salutem
401 1713 508 1790 petere
527 1705 761 1771 contenderemt.
793 1727 831 1771 nc
846 1703 911 1771 iam
928 1725 1004 1769 con-

10 1798 70 1865 sis
89 1798 126 1863 in
144 1807 353 1884 campartem
369 1797 518 1876 navibus,
546 1821 608 1885 quo
626 1809 739 1864 ventus
756 1798 891 1877 ferebat,
918 1806 1004 1863 tanta

10 1889 79 1959 »ito
98 1891 234 1958 malacia
250 1913 287 1958 ac
305 1893 513 1977 tranquillitas
532 1893 659 1972 exstitit,
679 1903 713 1958 ut
731 1916 766 1960 se
783 1916 824 1959 ex
835 1893 906 1958 loco
919 1913 1005 1957 com·

10 2002 103 2052 vere
119 2006 186 2051 non
201 1994 339 2071 possent.
384 2008 466 2070 quae
483 1987 611 2071 quidem
627 2009 679 2052 res
697 1987 739 2052 ad
755 1986 916 2074 negotium
932 2007 1006 2050 con·

10 2081 146 2146 endum
170 2081 307 2144 maxime
332 2080 393 2144 fuit
419 2090 608 2167 opportuna:
638 2105 712 2146 nam
739 2081 879 2169 singulas
906 2080 1005 2146 nostri

10 2174 149 2242 [sectati
166 2185 438 2262 expugnaverunt,
466 2184 501 2240 ut
518 2198 694 2263 perpaucae
712 2196 752 2240 ex
770 2176 856 2240 omni
873 2194 1004 2239 numero

10 2269 75 2335 :tis
93 2268 270 2334 interventu
288 2269 328 2333 ad
346 2279 461 2335 terram
477 2270 683 2357 pervenerint,
702 2291 774 2335 cum
792 2268 832 2335 ab
849 2268 926 2334 hora
938 2268 1005 2333 fere

10 2375 88 2431 arta
104 2363 270 2448 usquead
292 2363 366 2430 solis
389 2387 536 2430 occasum
557 2373 758 2452 pugnaretur.
802 2385 865 2448 quo
887 2362 1005 2448 proelio
1023 2381 1055 2430 16

10 2451 96 2524 llum
122 2455 317 2522 Venetorum
342 2459 500 2543 totiusque
528 2481 601 2525 orae
626 2459 802 2524 maritimae
828 2456 1006 2524 consectum

10 2571 34 2619 ι.
70 2575 147 2617 nam
164 2572 236 2616 cum
253 2552 353 2618 omnis
371 2553 526 2631 iuventus,
546 2575 653 2619 omnes
672 2554 767 2619 etiam
783 2553 936 2640 gravioris
954 2574 1007 2617 ae·

10 2648 65 2725 is,
97 2647 131 2710 in
157 2644 271 2731 quibus
298 2647 415 2731 aliquid
443 2649 564 2714 consilii
589 2657 644 2713 aut
674 2648 834 2735 dignitatis
864 2647 938 2725 fuit,
968 2668 1006 2712 eo
1095 2652 1101 2667 ⁴

10 2750 202 2818 nvenerant,
231 2753 298 2805 tum
323 2741 452 2806 navium
478 2743 564 2827 quod
588 2742 705 2827 ubique
727 2742 830 2808 fuerat
850 2742 884 2807 in
908 2764 1006 2806 unum
1094 2746 1095 2750 ’

10 2855 84 2903 :aum
110 2839 291 2922 coegerant3
322 2836 437 2920 quibus
464 2837 589 2902 amissis
615 2837 726 2922 reliqui
752 2859 855 2921 neque
880 2858 944 2921 quo
971 2857 1006 2901 se

10 2932 162 3016 ciperent,
182 2952 284 3014 neque
301 2932 568 3015 quemadmodum
586 2932 701 3017 oppida
718 2932 933 3010 defenderent,
952 2931 1008 2994 ha-

10 3024 107 3091 sbant.
151 3024 257 3108 itaque
275 3046 309 3090 se
328 3047 447 3110 suaque
465 3027 570 3091 omnia
588 3024 719 3092 Caesari
736 3026 930 3091 dediderunt.
974 3024 1008 3087 in

10 3140 61 3187 uos
87 3141 126 3186 eo
151 3119 279 3207 gravirm
307 3119 427 3185 Caesar
452 3121 675 3186 vindicandum
701 3120 822 3198 statuit,
849 3140 912 3203 quo
938 3116 1009 3180 dili-

10 3216 105 3280 entiue
123 3214 157 3279 in
173 3213 327 3298 reliquum
346 3224 469 3301 tempus
488 3239 508 3280 a
524 3214 664 3281 barbaris
683 3216 731 3280 ius
746 3215 921 3300 legatorum
934 3232 1009 3276 con-

10 3319 169 3376 ervaretur.
200 3309 305 3392 itaque
322 3311 408 3375 omni
422 3319 533 3376 senatu
546 3318 657 3375 necato
669 3309 807 3393 reliquos
821 3306 880 3372 sub
894 3327 1009 3372 corona

10 3402 133 3470 mdidit
961 3430 964 3435 ¹

47 3497 137 3564 Dum
153 3497 233 3564 haec
249 3498 284 3562 in
301 3488 432 3565 Venetis
449 3507 613 3587 geruntur,
634 3496 771 3581 Quintus
790 3495 929 3560 Titurius
950 3491 1010 3560 Sa·
1027 3513 1058 3563 17

10 3590 76 3661 inus
95 3615 169 3660 cum
184 3593 224 3660 iis
243 3594 356 3679 copiis,
384 3616 463 3678 quas
481 3618 501 3659 a
519 3593 656 3661 Caesare
674 3601 849 3677 acceperat,
876 3591 909 3655 in
930 3590 1008 3654 fines

10 3670 192 3775 locellorum
208 3689 359 3774 pervenit.
387 3688 436 3754 his
453 3697 596 3775 praeerat
612 3686 778 3753 Viridovix
799 3708 837 3752 ac
854 3706 1009 3752 summam

10 3778 107 3868 'perii
127 3781 255 3850 tenebat
276 3805 383 3849 earum
410 3784 550 3849 omnium
577 3782 752 3861 civitatum,
779 3803 860 3866 quae
887 3778 1010 3844 defece-

58 3925 70 3956 ,
95 3900 135 3945 ex
160 3875 276 3964 quibus
298 3878 469 3944 exercitum
495 3899 690 3964 magnasque
716 3876 823 3962 copias
850 3878 1008 3961 codgerat3

10 3974 80 4129 Εἴ
98 3970 151 4039 his
170 3971 282 4059 paucis
309 3970 420 4038 diebus
442 3972 574 4040 Aulerci
596 3970 796 4040 Eburouices
813 3969 1019 4051 Lexouiique

26 4064 369 4211 wamma-fecto,
398 4068 489 4156 quod
506 4080 660 4143 auctores
673 4067 760 4141 belli
780 4061 1044 4226 essepoldnant,
