2414 4336
412 217 529 276 COMM.
546 217 614 277 1111.
631 219 751 277 22-25.
1050 206 1093 273 65

78 343 102 408 d
132 342 359 431 egrediendum
383 365 582 428 nequaquam
607 344 755 410 idoneum
783 341 889 410 locum
914 343 1092 425 arbitratus,

78 462 142 504 um
158 437 299 524 reliquae
316 459 413 504 naves
435 459 473 503 eo
495 438 712 518 convenirent,
738 438 780 504 ad
800 438 911 505 horam
926 461 1042 505 nonam
1058 438 1093 505 in

78 532 191 600 ncoris
213 533 416 620 exspectavit
459 532 583 599 interim
604 533 717 622 legatis
740 532 934 620 tribunisque
960 534 1094 600 militum

78 628 249 695 onvooatis
272 637 303 694 et
324 650 404 713 quae
426 650 467 694 ex
483 626 646 695 Voluseno
669 639 848 717 cognosset,
876 640 908 695 et
929 651 1010 714 quae
1026 628 1094 695 fieri

78 725 179 803 ellet,
197 722 333 789 ostendit
350 723 547 809 monuitque,
570 734 606 789 ut
621 725 668 790 rei
683 724 826 790 militaris
842 724 936 804 ratio,
958 722 1095 789 maxime

77 829 98 884 rt
117 818 305 884 maritumae
321 840 372 884 res
384 817 586 904 postularent,
605 827 640 884 ut
652 840 733 905 quae
746 817 879 885 celerem
892 826 985 903 atque
998 817 1096 883 insta

77 913 165 979 »ilem
182 922 303 978 motum
318 910 478 990 haberent,
496 913 538 978 ad
554 921 666 978 nutum
683 923 714 979 et
730 912 772 979 ad
785 923 909 1001 tempus
923 933 1031 978 omnes
1044 934 1095 978 res

77 1008 106 1075 rb
126 1008 167 1074 iis
185 1006 481 1073 administrarentur.
512 1007 561 1074 his
579 1007 718 1074 dimissis
735 1018 767 1075 et
783 1017 912 1074 ventum
930 1017 961 1073 et
973 1016 1096 1073 aestum

77 1126 132 1169 mo
150 1111 290 1188 tempore
306 1111 417 1168 nactus
440 1101 614 1168 secundum
631 1103 703 1168 dato
726 1102 817 1190 signo
839 1112 870 1168 et
892 1100 1022 1169 sublatis
1040 1125 1096 1167 an-

77 1197 151 1264 :oris
170 1197 290 1262 circiter
306 1195 392 1260 milia
408 1218 559 1282 passuum
572 1207 693 1285 septem
712 1196 752 1263 ab
770 1219 808 1264 eo
825 1196 895 1264 loco
907 1218 1095 1285 progressus

77 1301 179 1378 sperto
196 1312 234 1356 ac
250 1289 344 1377 plano
361 1289 451 1356 litore
468 1313 566 1359 naves
584 1292 753 1358 constituit
779 1300 812 1357 at
823 1289 950 1358 barbari
966 1291 1096 1357 consilio
1114 1311 1148 1360 24

76 1387 285 1453 Romanorum
302 1385 427 1471 cognito
443 1385 616 1471 praemisso
634 1386 774 1471 equitatu
792 1395 823 1451 et
837 1385 1013 1463 essedariis,
1032 1407 1096 1470 quo

76 1480 255 1566 plerumque
272 1500 386 1566 genere
402 1480 436 1544 in
452 1480 579 1567 proeliis
601 1480 648 1545 uti
665 1488 867 1558 consuerunt,
893 1479 1021 1564 reliquis
1044 1500 1098 1546 co-

76 1573 130 1660 piis
155 1572 316 1639 subsecuti
337 1583 459 1639 nostros
480 1573 614 1640 navibus
638 1575 745 1663 egredi
769 1571 986 1662 prohibebant.
1031 1581 1097 1639 erat

76 1668 111 1733 ob
130 1663 189 1734 has
208 1690 319 1734 causas
338 1691 461 1733 summa
478 1667 656 1748 difficultas,
675 1668 760 1754 quod
776 1691 873 1734 naves
886 1677 1013 1755 propter
1028 1690 1097 1732 ma-

76 1762 269 1849 gnitudinem
289 1762 350 1828 nisi
371 1763 405 1827 in
426 1763 488 1828 alto
511 1764 657 1829 constitui
678 1787 742 1831 non
762 1773 919 1851 poterant,
946 1762 1096 1829 militibus

75 1868 177 1923 autem
203 1856 318 1943 ignotis
343 1855 436 1936 locis,
462 1857 619 1944 impeditis
641 1858 786 1925 manibus
809 1880 925 1946 magno
951 1868 983 1923 et
1007 1855 1098 1945 gravi

75 1975 232 2019 armorum
248 1974 342 2018 onere
359 1953 517 2038 oppressis
536 1952 628 2019 simul
646 1965 678 2020 et
691 1954 730 2020 de
742 1953 876 2020 navibus
891 1952 1097 2020 desiliendum

75 2059 100 2113 et
117 2049 154 2112 in
170 2045 318 2112 fluctibus
337 2047 569 2112 consistendum
587 2057 618 2113 et
635 2070 707 2114 cum
720 2047 863 2114 hostibus
877 2058 942 2114 erat
954 2069 1098 2134 pugnan-

75 2142 158 2219 dum,
178 2164 250 2208 cum
262 2141 308 2206 illi
321 2151 374 2206 aut
389 2164 428 2207 ex
442 2142 530 2208 arido
543 2151 598 2208 aut
608 2143 739 2229 paulum
755 2143 789 2208 in
806 2166 920 2229 aquam
937 2139 1098 2229 progressi

75 2236 219 2303 omnibus
237 2234 385 2302 membris
403 2237 571 2323 expeditis,
588 2237 759 2305 notissimis
776 2236 854 2304 locis
872 2237 1019 2302 audacter
1035 2235 1098 2300 tela

75 2332 251 2399 tonicerent
273 2341 304 2396 et
321 2353 418 2416 equos
439 2331 631 2398 insuefactos
653 2332 826 2398 incitarent.
871 2330 984 2417 quibus
1001 2329 1097 2398 rebus

74 2425 173 2493 rostri
194 2425 348 2511 perterriti
369 2435 462 2511 atque
484 2426 577 2492 huius
600 2428 726 2493 omnino
747 2427 871 2514 generis
894 2448 1019 2514 pugnae
1040 2425 1099 2489 im·

74 2520 165 2608 ueriti
183 2543 247 2586 non
264 2520 373 2585 eadem
391 2520 549 2587 alacritate
568 2543 605 2586 ae
622 2521 739 2600 studio,
767 2543 829 2606 quo
850 2522 884 2586 in
900 2519 1098 2608 pedestribus

74 2616 116 2680 iti
136 2612 263 2700 proeliis
282 2625 476 2694 consuerant,
495 2614 682 2681 nitebantur.
719 2616 804 2700 quod
821 2615 877 2682 ubi
895 2615 1014 2681 Caesar
1032 2612 1098 2678 ani-
1116 2630 1149 2679 ne

74 2708 256 2787 nadvertit,
286 2731 383 2774 naves
412 2708 540 2796 longas,
572 2732 704 2795 quarum
731 2720 762 2775 et
788 2711 908 2797 species
936 2719 1002 2775 erat
1027 2707 1099 2774 bar·

74 2805 158 2871 oar'is
178 2802 353 2869 inusitatior
370 2814 401 2869 et
417 2816 521 2871 motus
540 2805 581 2875 ad
598 2829 691 2871 usum
705 2806 886 2893 expeditior,
904 2806 1034 2893 paulum
1051 2827 1099 2871 re·

73 2897 195 2964 moveri
216 2896 256 2963 ab
278 2899 424 2964 onerariis
447 2899 580 2966 navibus
604 2910 634 2965 et
651 2901 745 2966 remis
763 2900 885 2966 incitari
906 2911 938 2965 et
959 2901 1000 2966 ad
1016 2900 1098 2964 latus

73 3008 219 3079 apertum
236 2992 373 3058 hostium
390 2993 537 3059 constitui
554 3005 647 3080 atque
665 2995 737 3060 inde
751 2995 867 3074 fundis,
887 2995 1018 3081 sagittis,
1037 3004 1099 3058 tor-

73 3087 189 3152 mentis
201 3085 308 3152 hostes
321 3086 452 3173 propelli
466 3110 503 3154 ac
512 3086 691 3154 submoveri
703 3089 794 3155 iussit
799 3115 808 3167 3
827 3111 906 3174 quae
919 3111 970 3153 res
984 3107 1099 3172 magno

73 3182 147 3247 usui
165 3182 279 3247 nostris
297 3182 366 3246 fuit.
392 3207 466 3248 nam
484 3193 515 3249 et
532 3185 660 3250 navium
677 3184 779 3272 figura
796 3194 827 3249 et
844 3205 1000 3248 remorum
1012 3191 1100 3247 motu

73 3285 104 3340 et
127 3276 277 3342 inusitato
298 3299 412 3364 genere
435 3289 659 3346 tormentorum
680 3278 813 3365 permoti
834 3276 958 3344 barbari
984 3277 1101 3342 consti-

73 3380 180 3436 tersmt
198 3391 236 3435 ac
252 3370 381 3456 paulum
397 3374 492 3439 modo
513 3375 627 3460 pedem
644 3373 824 3439 retulerunt.
869 3383 963 3456 atque
984 3373 1099 3437 nostris

73 3463 226 3530 militibus
245 3465 472 3546 cunctantibus,
491 3468 627 3533 maxime
643 3480 769 3553 propter
786 3465 981 3531 altitudinem
994 3465 1098 3545 maris,

73 3560 128 3643 qui
144 3559 285 3624 decimae
298 3559 430 3647 legionis
449 3563 585 3646 aquilam
604 3561 733 3639 ferebat,
753 3572 945 3628 contestatus
959 3561 1045 3638 deos,
1064 3567 1099 3625 ut

74 3676 112 3718 ea
126 3650 183 3720 ¹res
202 3653 318 3741 legioni
336 3655 467 3721 feliciter
484 3657 634 3722 eveniret:
655 3655 814 3735 ‘desilite,’
832 3656 940 3742 inquit,
961 3654 1099 3731 ‘milites

73 3747 136 3813 nisi
153 3747 249 3813 vultis
267 3749 403 3834 aquilam
420 3749 563 3817 hostibus
581 3750 725 3839 prodere:
744 3774 803 3840 ego
821 3763 904 3817 certe
921 3770 1027 3815 meum
1039 3747 1101 3814 rei·

74 3841 219 3927 publicae
237 3853 332 3928 atque
349 3844 528 3930 imperatori
545 3845 686 3910 officium
702 3844 904 3933 praestitero?
947 3843 1008 3911 boc
1025 3865 1099 3909 oum

74 3958 192 4024 magna
208 3958 286 4003 voce
303 3936 448 4019 dixisset,
476 3961 510 4005 se
529 3961 569 4006 ex
585 3940 661 4006 navi
680 3942 813 4030 proiecit
832 3938 1107 4027 atuueinhostrs

71 4029 310 4176 ffqfflmsgpe
331 4034 444 4121 coepit.
492 4044 564 4106 turn
584 4038 692 4108 nostri
712 4037 877 4111 cohortati
894 4037 986 4178 m}
1011 4053 1070 4106 ses
1085 4046 1139 4090 Ὦ
