<?xml version="1.0" encoding="UTF-8"?>
<!DOCTYPE html PUBLIC "-//W3C//DTD XHTML 1.0 Transitional//EN"
    "http://www.w3.org/TR/xhtml1/DTD/xhtml1-transitional.dtd">
<html xmlns="http://www.w3.org/1999/xhtml" xml:lang="en" lang="en">
 <head>
  <title>
</title>
<meta http-equiv="Content-Type" content="text/html;charset=utf-8" />
  <meta name='ocr-system' content='tesseract 3.04.00' />
  <meta name='ocr-capabilities' content='ocr_page ocr_carea ocr_par ocr_line ocrx_word'/>
</head>
<body>
  <div class='ocr_page' id='page_1' title='image "./ciuliicaesarisc01krangoog_0059.png"; bbox 0 0 2414 4336; ppageno 0'>
   <div class='ocr_carea' id='block_1_1' title="bbox 320 276 993 350">
    <p class='ocr_par' dir='ltr' id='par_1_1' title="bbox 320 276 993 350">
     <span class='ocr_line' id='line_1_1' title="bbox 320 276 993 350; baseline -0.004 -2"><span class='ocrx_word' id='word_1_1' title='bbox 320 290 437 350; x_wconf 79' lang='lat' dir='ltr'>coum</span> <span class='ocrx_word' id='word_1_2' title='bbox 454 291 507 348; x_wconf 90' lang='lat'>111.</span> <span class='ocrx_word' id='word_1_3' title='bbox 524 292 643 349; x_wconf 79' lang='lat' dir='ltr'>aa-ac.</span> <span class='ocrx_word' id='word_1_4' title='bbox 950 276 993 345; x_wconf 81' lang='lat'>53</span> 
     </span>
    </p>
   </div>
   <div class='ocr_carea' id='block_1_2' title="bbox 10 416 1043 2214">
    <p class='ocr_par' dir='ltr' id='par_1_2' title="bbox 10 416 1043 2214">
     <span class='ocr_line' id='line_1_2' title="bbox 16 416 994 506; baseline -0.002 -21"><span class='ocrx_word' id='word_1_5' title='bbox 16 440 150 485; x_wconf 90' lang='lat' dir='ltr'>omnes</span> <span class='ocrx_word' id='word_1_6' title='bbox 166 417 250 484; x_wconf 89' lang='lat' dir='ltr'>idem</span> <span class='ocrx_word' id='word_1_7' title='bbox 268 417 382 484; x_wconf 89' lang='lat' dir='ltr'>sentire</span> <span class='ocrx_word' id='word_1_8' title='bbox 399 416 564 497; x_wconf 78' lang='lat' dir='ltr'>intellexit,</span> <span class='ocrx_word' id='word_1_9' title='bbox 590 424 750 506; x_wconf 86' lang='lat' dir='ltr'>posterum</span> <span class='ocrx_word' id='word_1_10' title='bbox 768 416 851 483; x_wconf 87' lang='lat' dir='ltr'>diem</span> <span class='ocrx_word' id='word_1_11' title='bbox 868 439 994 506; x_wconf 80' lang='lat' dir='ltr'>pugnae</span> 
     </span>
     <span class='ocr_line' id='line_1_3' title="bbox 10 511 1042 600; baseline -0.002 -20"><span class='ocrx_word' id='word_1_12' title='bbox 10 513 136 581; x_wconf 85' lang='lat' dir='ltr'>stituit.</span> <span class='ocrx_word' id='word_1_13' title='bbox 185 513 287 600; x_wconf 89' lang='lat' dir='ltr'>prima</span> <span class='ocrx_word' id='word_1_14' title='bbox 307 512 376 578; x_wconf 89' lang='lat' dir='ltr'>luce</span> <span class='ocrx_word' id='word_1_15' title='bbox 398 512 559 600; x_wconf 90' lang='lat' dir='ltr'>productis</span> <span class='ocrx_word' id='word_1_16' title='bbox 581 511 726 578; x_wconf 90' lang='lat' dir='ltr'>omnibus</span> <span class='ocrx_word' id='word_1_17' title='bbox 753 512 852 599; x_wconf 88' lang='lat' dir='ltr'>copiis</span> <span class='ocrx_word' id='word_1_18' title='bbox 874 511 1042 599; x_wconf 68' lang='lat' dir='ltr'>dupliciae</span> 
     </span>
     <span class='ocr_line' id='line_1_4' title="bbox 10 607 993 691; baseline 0 -20"><span class='ocrx_word' id='word_1_19' title='bbox 10 642 13 671; x_wconf 80' lang='lat'><em>·</em></span> <span class='ocrx_word' id='word_1_20' title='bbox 45 609 215 686; x_wconf 89' lang='lat' dir='ltr'>instituta,</span> <span class='ocrx_word' id='word_1_21' title='bbox 242 607 366 674; x_wconf 80' lang='lat' dir='ltr'>auxiliis</span> <span class='ocrx_word' id='word_1_22' title='bbox 388 608 422 672; x_wconf 94' lang='lat' dir='ltr'>in</span> <span class='ocrx_word' id='word_1_23' title='bbox 442 607 579 673; x_wconf 90' lang='lat' dir='ltr'>mediam</span> <span class='ocrx_word' id='word_1_24' title='bbox 601 607 701 673; x_wconf 88' lang='lat' dir='ltr'>aciem</span> <span class='ocrx_word' id='word_1_25' title='bbox 726 607 889 686; x_wconf 91' lang='lat' dir='ltr'>coniectis,</span> <span class='ocrx_word' id='word_1_26' title='bbox 916 607 993 691; x_wconf 94' lang='lat' dir='ltr'>quid</span> 
     </span>
     <span class='ocr_line' id='line_1_5' title="bbox 10 701 993 791; baseline -0.005 -19"><span class='ocrx_word' id='word_1_27' title='bbox 10 714 65 772; x_wconf 88' lang='lat' dir='ltr'>tes</span> <span class='ocrx_word' id='word_1_28' title='bbox 77 703 206 771; x_wconf 89' lang='lat' dir='ltr'>consilii</span> <span class='ocrx_word' id='word_1_29' title='bbox 215 711 370 791; x_wconf 81' lang='lat' dir='ltr'>caperent,</span> <span class='ocrx_word' id='word_1_30' title='bbox 389 703 601 790; x_wconf 85' lang='lat' dir='ltr'>exspectabat</span> <span class='ocrx_word' id='word_1_31' title='bbox 627 702 682 781; x_wconf 90' lang='lat' dir='ltr'>illi,</span> <span class='ocrx_word' id='word_1_32' title='bbox 702 702 761 768; x_wconf 87' lang='lat' dir='ltr'>etsi</span> <span class='ocrx_word' id='word_1_33' title='bbox 772 712 899 790; x_wconf 91' lang='lat' dir='ltr'>propter</span> <span class='ocrx_word' id='word_1_34' title='bbox 911 701 993 767; x_wconf 91' lang='lat' dir='ltr'>mul·</span> 
     </span>
     <span class='ocr_line' id='line_1_6' title="bbox 10 797 993 885; baseline -0.002 -20"><span class='ocrx_word' id='word_1_35' title='bbox 10 800 132 865; x_wconf 83' lang='lat' dir='ltr'>dinem</span> <span class='ocrx_word' id='word_1_36' title='bbox 150 807 182 865; x_wconf 93' lang='lat' dir='ltr'>et</span> <span class='ocrx_word' id='word_1_37' title='bbox 198 807 337 864; x_wconf 84' lang='lat' dir='ltr'>veterem</span> <span class='ocrx_word' id='word_1_38' title='bbox 353 797 428 864; x_wconf 90' lang='lat' dir='ltr'>belli</span> <span class='ocrx_word' id='word_1_39' title='bbox 448 798 581 885; x_wconf 80' lang='lat' dir='ltr'>gloriam</span> <span class='ocrx_word' id='word_1_40' title='bbox 602 797 854 884; x_wconf 75' lang='lat' dir='ltr'>paucitatemque</span> <span class='ocrx_word' id='word_1_41' title='bbox 870 806 993 863; x_wconf 88' lang='lat' dir='ltr'>nostro·</span> 
     </span>
     <span class='ocr_line' id='line_1_7' title="bbox 10 891 992 971; baseline -0.003 -10"><span class='ocrx_word' id='word_1_42' title='bbox 10 918 25 961; x_wconf 82' lang='grc' dir='ltr'>ι</span> <span class='ocrx_word' id='word_1_43' title='bbox 46 916 89 961; x_wconf 89' lang='lat' dir='ltr'>se</span> <span class='ocrx_word' id='word_1_44' title='bbox 107 901 178 959; x_wconf 92' lang='lat' dir='ltr'>tuto</span> <span class='ocrx_word' id='word_1_45' title='bbox 201 892 402 959; x_wconf 88' lang='lat' dir='ltr'>dimicaturos</span> <span class='ocrx_word' id='word_1_46' title='bbox 421 891 653 971; x_wconf 86' lang='lat' dir='ltr'>existimabant,</span> <span class='ocrx_word' id='word_1_47' title='bbox 680 901 786 960; x_wconf 88' lang='lat' dir='ltr'>tamen</span> <span class='ocrx_word' id='word_1_48' title='bbox 807 891 904 958; x_wconf 92' lang='lat' dir='ltr'>tutius</span> <span class='ocrx_word' id='word_1_49' title='bbox 922 913 992 958; x_wconf 91' lang='lat' dir='ltr'>esse</span> 
     </span>
     <span class='ocr_line' id='line_1_8' title="bbox 10 986 992 1056; baseline -0.003 -1"><span class='ocrx_word' id='word_1_50' title='bbox 10 987 199 1056; x_wconf 87' lang='lat' dir='ltr'>itrabautur</span> <span class='ocrx_word' id='word_1_51' title='bbox 220 987 359 1054; x_wconf 76' lang='lat' dir='ltr'>obsessis</span> <span class='ocrx_word' id='word_1_52' title='bbox 380 987 441 1054; x_wconf 84' lang='lat' dir='ltr'>viis</span> <span class='ocrx_word' id='word_1_53' title='bbox 463 995 640 1053; x_wconf 87' lang='lat' dir='ltr'>commeatu</span> <span class='ocrx_word' id='word_1_54' title='bbox 657 986 825 1053; x_wconf 90' lang='lat' dir='ltr'>intercluso</span> <span class='ocrx_word' id='word_1_55' title='bbox 843 987 911 1054; x_wconf 88' lang='lat' dir='ltr'>sine</span> <span class='ocrx_word' id='word_1_56' title='bbox 928 986 992 1052; x_wconf 93' lang='lat' dir='ltr'>ullo</span> 
     </span>
     <span class='ocr_line' id='line_1_9' title="bbox 10 1082 994 1171; baseline -0.004 -20"><span class='ocrx_word' id='word_1_57' title='bbox 10 1107 96 1152; x_wconf 85' lang='lat' dir='ltr'>uere</span> <span class='ocrx_word' id='word_1_58' title='bbox 113 1084 245 1150; x_wconf 80' lang='lat' dir='ltr'>victoria</span> <span class='ocrx_word' id='word_1_59' title='bbox 260 1083 353 1171; x_wconf 84' lang='lat' dir='ltr'>potiri</span> <span class='ocrx_word' id='word_1_60' title='bbox 370 1092 415 1163; x_wconf 92' lang='lat' dir='ltr'>et,</span> <span class='ocrx_word' id='word_1_61' title='bbox 442 1082 470 1149; x_wconf 89' lang='lat' dir='ltr'>si</span> <span class='ocrx_word' id='word_1_62' title='bbox 486 1093 613 1171; x_wconf 86' lang='lat' dir='ltr'>propter</span> <span class='ocrx_word' id='word_1_63' title='bbox 633 1083 770 1171; x_wconf 88' lang='lat' dir='ltr'>inopiam</span> <span class='ocrx_word' id='word_1_64' title='bbox 791 1082 837 1148; x_wconf 89' lang='lat' dir='ltr'>rei</span> <span class='ocrx_word' id='word_1_65' title='bbox 853 1082 994 1148; x_wconf 84' lang='lat' dir='ltr'>frumen-</span> 
     </span>
     <span class='ocr_line' id='line_1_10' title="bbox 10 1177 992 1266; baseline -0.004 -18"><span class='ocrx_word' id='word_1_66' title='bbox 10 1204 60 1248; x_wconf 81' lang='lat' dir='ltr'>ac</span> <span class='ocrx_word' id='word_1_67' title='bbox 69 1180 209 1248; x_wconf 85' lang='lat' dir='ltr'>Romani</span> <span class='ocrx_word' id='word_1_68' title='bbox 218 1179 434 1265; x_wconf 88' lang='lat' dir='ltr'>seserecipere</span> <span class='ocrx_word' id='word_1_69' title='bbox 443 1179 628 1266; x_wconf 84' lang='lat' dir='ltr'>coepissent,</span> <span class='ocrx_word' id='word_1_70' title='bbox 641 1178 808 1265; x_wconf 90' lang='lat' dir='ltr'>impeditos</span> <span class='ocrx_word' id='word_1_71' title='bbox 820 1178 855 1243; x_wconf 91' lang='lat' dir='ltr'>in</span> <span class='ocrx_word' id='word_1_72' title='bbox 867 1177 992 1266; x_wconf 80' lang='lat' dir='ltr'>agmine</span> 
     </span>
     <span class='ocr_line' id='line_1_11' title="bbox 10 1271 992 1360; baseline -0.004 -17"><span class='ocrx_word' id='word_1_73' title='bbox 10 1275 75 1343; x_wconf 85' lang='lat' dir='ltr'>sub</span> <span class='ocrx_word' id='word_1_74' title='bbox 95 1274 225 1342; x_wconf 81' lang='lat' dir='ltr'>sarcinis</span> <span class='ocrx_word' id='word_1_75' title='bbox 247 1273 416 1340; x_wconf 87' lang='lat' dir='ltr'>infirmiore</span> <span class='ocrx_word' id='word_1_76' title='bbox 437 1273 542 1340; x_wconf 89' lang='lat' dir='ltr'>animo</span> <span class='ocrx_word' id='word_1_77' title='bbox 563 1273 678 1340; x_wconf 89' lang='lat' dir='ltr'>adoriri</span> <span class='ocrx_word' id='word_1_78' title='bbox 701 1271 889 1360; x_wconf 81' lang='lat' dir='ltr'>cogitabant.</span> <span class='ocrx_word' id='word_1_79' title='bbox 933 1273 992 1340; x_wconf 92' lang='lat' dir='ltr'>hoc</span> 
     </span>
     <span class='ocr_line' id='line_1_12' title="bbox 10 1367 993 1457; baseline -0.004 -19"><span class='ocrx_word' id='word_1_80' title='bbox 10 1370 99 1438; x_wconf 86' lang='lat' dir='ltr'>rsilio</span> <span class='ocrx_word' id='word_1_81' title='bbox 116 1367 248 1457; x_wconf 87' lang='lat' dir='ltr'>probato</span> <span class='ocrx_word' id='word_1_82' title='bbox 265 1368 306 1435; x_wconf 89' lang='lat' dir='ltr'>ab</span> <span class='ocrx_word' id='word_1_83' title='bbox 329 1367 461 1435; x_wconf 90' lang='lat' dir='ltr'>ducibus</span> <span class='ocrx_word' id='word_1_84' title='bbox 482 1368 641 1455; x_wconf 91' lang='lat' dir='ltr'>productis</span> <span class='ocrx_word' id='word_1_85' title='bbox 658 1367 872 1434; x_wconf 81' lang='lat' dir='ltr'>Romanorum</span> <span class='ocrx_word' id='word_1_86' title='bbox 894 1369 993 1455; x_wconf 89' lang='lat' dir='ltr'>copiis</span> 
     </span>
     <span class='ocr_line' id='line_1_13' title="bbox 10 1461 992 1550; baseline -0.005 -17"><span class='ocrx_word' id='word_1_87' title='bbox 10 1487 36 1533; x_wconf 69' lang='lat' dir='ltr'>a</span> <span class='ocrx_word' id='word_1_88' title='bbox 55 1463 170 1531; x_wconf 87' lang='lat' dir='ltr'>castris</span> <span class='ocrx_word' id='word_1_89' title='bbox 187 1462 343 1529; x_wconf 82' lang='lat' dir='ltr'>tenebant</span> <span class='ocrx_word' id='word_1_90' title='bbox 369 1462 480 1529; x_wconf 87' lang='lat' dir='ltr'>haere</span> <span class='ocrx_word' id='word_1_91' title='bbox 496 1471 661 1550; x_wconf 88' lang='lat' dir='ltr'>perspecta</span> <span class='ocrx_word' id='word_1_92' title='bbox 678 1461 825 1541; x_wconf 81' lang='lat' dir='ltr'>Crassus,</span> <span class='ocrx_word' id='word_1_93' title='bbox 845 1485 916 1529; x_wconf 91' lang='lat' dir='ltr'>cum</span> <span class='ocrx_word' id='word_1_94' title='bbox 934 1485 992 1529; x_wconf 92' lang='lat' dir='ltr'>sua</span> 
     </span>
     <span class='ocr_line' id='line_1_14' title="bbox 10 1557 991 1645; baseline -0.003 -18"><span class='ocrx_word' id='word_1_95' title='bbox 10 1559 168 1627; x_wconf 83' lang='lat' dir='ltr'>notatione</span> <span class='ocrx_word' id='word_1_96' title='bbox 188 1567 282 1644; x_wconf 83' lang='lat' dir='ltr'>atque</span> <span class='ocrx_word' id='word_1_97' title='bbox 304 1558 450 1645; x_wconf 90' lang='lat' dir='ltr'>opinione</span> <span class='ocrx_word' id='word_1_98' title='bbox 471 1558 591 1624; x_wconf 89' lang='lat' dir='ltr'>timoris</span> <span class='ocrx_word' id='word_1_99' title='bbox 608 1557 715 1624; x_wconf 87' lang='lat' dir='ltr'>hostes</span> <span class='ocrx_word' id='word_1_100' title='bbox 736 1566 860 1624; x_wconf 88' lang='lat' dir='ltr'>nostros</span> <span class='ocrx_word' id='word_1_101' title='bbox 877 1557 991 1624; x_wconf 86' lang='lat' dir='ltr'>milites</span> 
     </span>
     <span class='ocr_line' id='line_1_15' title="bbox 10 1653 991 1742; baseline -0.005 -19"><span class='ocrx_word' id='word_1_102' title='bbox 10 1654 136 1724; x_wconf 79' lang='lat' dir='ltr'>criores</span> <span class='ocrx_word' id='word_1_103' title='bbox 152 1653 194 1721; x_wconf 90' lang='lat' dir='ltr'>ad</span> <span class='ocrx_word' id='word_1_104' title='bbox 210 1654 415 1742; x_wconf 86' lang='lat' dir='ltr'>pugnandum</span> <span class='ocrx_word' id='word_1_105' title='bbox 432 1653 619 1732; x_wconf 82' lang='lat' dir='ltr'>effecissent,</span> <span class='ocrx_word' id='word_1_106' title='bbox 638 1662 732 1738; x_wconf 90' lang='lat' dir='ltr'>atque</span> <span class='ocrx_word' id='word_1_107' title='bbox 745 1653 885 1719; x_wconf 92' lang='lat' dir='ltr'>omnium</span> <span class='ocrx_word' id='word_1_108' title='bbox 896 1674 991 1719; x_wconf 86' lang='lat' dir='ltr'>voces</span> 
     </span>
     <span class='ocr_line' id='line_1_16' title="bbox 10 1746 993 1835; baseline -0.004 -18"><span class='ocrx_word' id='word_1_109' title='bbox 10 1746 158 1828; x_wconf 74' lang='lat' dir='ltr'>litentur,</span> <span class='ocrx_word' id='word_1_110' title='bbox 177 1748 351 1835; x_wconf 85' lang='lat' dir='ltr'>exspectari</span> <span class='ocrx_word' id='word_1_111' title='bbox 368 1748 484 1813; x_wconf 90' lang='lat' dir='ltr'>diutius</span> <span class='ocrx_word' id='word_1_112' title='bbox 501 1770 565 1813; x_wconf 92' lang='lat' dir='ltr'>non</span> <span class='ocrx_word' id='word_1_113' title='bbox 578 1757 730 1834; x_wconf 84' lang='lat' dir='ltr'>oportere,</span> <span class='ocrx_word' id='word_1_114' title='bbox 748 1748 825 1832; x_wconf 90' lang='lat' dir='ltr'>quin</span> <span class='ocrx_word' id='word_1_115' title='bbox 837 1747 878 1813; x_wconf 88' lang='lat' dir='ltr'>ad</span> <span class='ocrx_word' id='word_1_116' title='bbox 890 1756 993 1813; x_wconf 87' lang='lat' dir='ltr'>castra</span> 
     </span>
     <span class='ocr_line' id='line_1_17' title="bbox 10 1842 993 1930; baseline -0.004 -19"><span class='ocrx_word' id='word_1_117' title='bbox 10 1850 76 1924; x_wconf 80' lang='lat' dir='ltr'>tur,</span> <span class='ocrx_word' id='word_1_118' title='bbox 103 1844 284 1910; x_wconf 80' lang='lat' dir='ltr'>cohortatus</span> <span class='ocrx_word' id='word_1_119' title='bbox 307 1866 381 1909; x_wconf 91' lang='lat' dir='ltr'>suos</span> <span class='ocrx_word' id='word_1_120' title='bbox 404 1842 550 1909; x_wconf 91' lang='lat' dir='ltr'>omnibus</span> <span class='ocrx_word' id='word_1_121' title='bbox 573 1842 768 1930; x_wconf 90' lang='lat' dir='ltr'>cupientibus</span> <span class='ocrx_word' id='word_1_122' title='bbox 791 1844 833 1908; x_wconf 90' lang='lat' dir='ltr'>ad</span> <span class='ocrx_word' id='word_1_123' title='bbox 853 1842 993 1908; x_wconf 91' lang='lat' dir='ltr'>hostium</span> 
     </span>
     <span class='ocr_line' id='line_1_18' title="bbox 10 1928 1043 2023; baseline -0.002 -18"><span class='ocrx_word' id='word_1_124' title='bbox 10 1928 70 2005; x_wconf 74' lang='lat' dir='ltr'>&#39;stra</span> <span class='ocrx_word' id='word_1_125' title='bbox 87 1937 258 2004; x_wconf 87' lang='lat' dir='ltr'>contendit.</span> <span class='ocrx_word' id='word_1_126' title='bbox 283 1936 329 2003; x_wconf 95' lang='lat' dir='ltr'>ibi</span> <span class='ocrx_word' id='word_1_127' title='bbox 346 1959 419 2002; x_wconf 91' lang='lat' dir='ltr'>cum</span> <span class='ocrx_word' id='word_1_128' title='bbox 436 1938 489 2002; x_wconf 88' lang='lat' dir='ltr'>alii</span> <span class='ocrx_word' id='word_1_129' title='bbox 505 1937 609 2004; x_wconf 82' lang='lat' dir='ltr'>fossas</span> <span class='ocrx_word' id='word_1_130' title='bbox 628 1937 828 2023; x_wconf 88' lang='lat' dir='ltr'>complerent,</span> <span class='ocrx_word' id='word_1_131' title='bbox 847 1937 900 2003; x_wconf 90' lang='lat' dir='ltr'>alii</span> <span class='ocrx_word' id='word_1_132' title='bbox 912 1935 993 2002; x_wconf 88' lang='lat' dir='ltr'>mul-</span> <span class='ocrx_word' id='word_1_133' title='bbox 1010 1953 1043 2003; x_wconf 78' lang='lat'>25</span> 
     </span>
     <span class='ocr_line' id='line_1_19' title="bbox 10 2018 992 2123; baseline -0.005 -23"><span class='ocrx_word' id='word_1_134' title='bbox 10 2018 94 2123; x_wconf 77' lang='lat' dir='ltr'>tulis</span> <span class='ocrx_word' id='word_1_135' title='bbox 114 2033 261 2099; x_wconf 90' lang='lat' dir='ltr'>coniectis</span> <span class='ocrx_word' id='word_1_136' title='bbox 279 2031 460 2098; x_wconf 87' lang='lat' dir='ltr'>defensores</span> <span class='ocrx_word' id='word_1_137' title='bbox 478 2032 560 2099; x_wconf 90' lang='lat' dir='ltr'>vallo</span> <span class='ocrx_word' id='word_1_138' title='bbox 578 2030 865 2117; x_wconf 89' lang='lat' dir='ltr'>munitionibusque</span> <span class='ocrx_word' id='word_1_139' title='bbox 886 2030 992 2118; x_wconf 88' lang='lat' dir='ltr'>depel-</span> 
     </span>
     <span class='ocr_line' id='line_1_20' title="bbox 10 2125 992 2214; baseline -0.003 -20"><span class='ocrx_word' id='word_1_140' title='bbox 10 2128 73 2208; x_wconf 66' lang='lat' dir='ltr'>lunt,</span> <span class='ocrx_word' id='word_1_141' title='bbox 92 2127 334 2212; x_wconf 86' lang='lat' dir='ltr'>auxiliaresque,</span> <span class='ocrx_word' id='word_1_142' title='bbox 353 2126 467 2211; x_wconf 93' lang='lat' dir='ltr'>quibus</span> <span class='ocrx_word' id='word_1_143' title='bbox 476 2127 519 2193; x_wconf 89' lang='lat' dir='ltr'>ad</span> <span class='ocrx_word' id='word_1_144' title='bbox 526 2149 667 2214; x_wconf 86' lang='lat' dir='ltr'>pugnam</span> <span class='ocrx_word' id='word_1_145' title='bbox 675 2148 739 2192; x_wconf 90' lang='lat' dir='ltr'>non</span> <span class='ocrx_word' id='word_1_146' title='bbox 752 2125 885 2191; x_wconf 92' lang='lat' dir='ltr'>multum</span> <span class='ocrx_word' id='word_1_147' title='bbox 896 2125 992 2192; x_wconf 84' lang='lat' dir='ltr'>Cras-</span> 
     </span>
    </p>
   </div>
   <div class='ocr_carea' id='block_1_3' title="bbox 10 2206 992 2495">
    <p class='ocr_par' dir='ltr' id='par_1_3' title="bbox 10 2206 992 2495">
     <span class='ocr_line' id='line_1_21' title="bbox 10 2206 991 2495; baseline -0.004 -207"><span class='ocrx_word' id='word_1_148' title='bbox 10 2206 237 2495; x_wconf 50' lang='lat' dir='ltr'>hqqlnfidebat,</span> <span class='ocrx_word' id='word_1_149' title='bbox 262 2221 420 2308; x_wconf 88' lang='lat' dir='ltr'>lapidibus</span> <span class='ocrx_word' id='word_1_150' title='bbox 442 2221 575 2305; x_wconf 91' lang='lat' dir='ltr'>telisque</span> <span class='ocrx_word' id='word_1_151' title='bbox 597 2219 869 2286; x_wconf 89' lang='lat' dir='ltr'>subministrandis</span> <span class='ocrx_word' id='word_1_152' title='bbox 897 2219 991 2285; x_wconf 89' lang='lat' dir='ltr'>etad</span> 
     </span>
     <span class='ocr_line' id='line_1_22' title="bbox 44 2315 992 2405; baseline -0.006 -19"><span class='ocrx_word' id='word_1_153' title='bbox 44 2341 118 2386; x_wconf 90' lang='lat' dir='ltr'>rem</span> <span class='ocrx_word' id='word_1_154' title='bbox 131 2316 302 2405; x_wconf 88' lang='lat' dir='ltr'>cespitibus</span> <span class='ocrx_word' id='word_1_155' title='bbox 316 2316 546 2403; x_wconf 85' lang='lat' dir='ltr'>comportandis</span> <span class='ocrx_word' id='word_1_156' title='bbox 560 2317 699 2403; x_wconf 87' lang='lat' dir='ltr'>speciem</span> <span class='ocrx_word' id='word_1_157' title='bbox 711 2323 805 2400; x_wconf 90' lang='lat' dir='ltr'>atquc</span> <span class='ocrx_word' id='word_1_158' title='bbox 814 2315 992 2402; x_wconf 89' lang='lat' dir='ltr'>opinionem</span> 
     </span>
    </p>
   </div>
   <div class='ocr_carea' id='block_1_4' title="bbox 10 2410 1042 4218">
    <p class='ocr_par' dir='ltr' id='par_1_4' title="bbox 10 2410 1042 4218">
     <span class='ocr_line' id='line_1_23' title="bbox 92 2410 993 2499; baseline -0.003 -20"><span class='ocrx_word' id='word_1_159' title='bbox 92 2413 175 2479; x_wconf 90' lang='lat' dir='ltr'>tium</span> <span class='ocrx_word' id='word_1_160' title='bbox 191 2412 389 2499; x_wconf 87' lang='lat' dir='ltr'>praeberent,</span> <span class='ocrx_word' id='word_1_161' title='bbox 412 2434 484 2478; x_wconf 92' lang='lat' dir='ltr'>cum</span> <span class='ocrx_word' id='word_1_162' title='bbox 501 2412 577 2477; x_wconf 92' lang='lat' dir='ltr'>item</span> <span class='ocrx_word' id='word_1_163' title='bbox 594 2411 635 2478; x_wconf 92' lang='lat' dir='ltr'>ab</span> <span class='ocrx_word' id='word_1_164' title='bbox 652 2410 796 2478; x_wconf 91' lang='lat' dir='ltr'>hostibus</span> <span class='ocrx_word' id='word_1_165' title='bbox 815 2420 993 2477; x_wconf 88' lang='lat' dir='ltr'>constanter</span> 
     </span>
     <span class='ocr_line' id='line_1_24' title="bbox 10 2506 993 2595; baseline -0.005 -19"><span class='ocrx_word' id='word_1_166' title='bbox 10 2522 81 2577; x_wconf 80' lang='lat' dir='ltr'>uon</span> <span class='ocrx_word' id='word_1_167' title='bbox 101 2506 212 2574; x_wconf 87' lang='lat' dir='ltr'>timide</span> <span class='ocrx_word' id='word_1_168' title='bbox 228 2516 421 2595; x_wconf 90' lang='lat' dir='ltr'>pugnaretur</span> <span class='ocrx_word' id='word_1_169' title='bbox 436 2507 561 2592; x_wconf 87' lang='lat' dir='ltr'>telaque</span> <span class='ocrx_word' id='word_1_170' title='bbox 579 2528 619 2572; x_wconf 92' lang='lat' dir='ltr'>ex</span> <span class='ocrx_word' id='word_1_171' title='bbox 635 2506 705 2572; x_wconf 92' lang='lat' dir='ltr'>loco</span> <span class='ocrx_word' id='word_1_172' title='bbox 724 2507 882 2593; x_wconf 85' lang='lat' dir='ltr'>superiore</span> <span class='ocrx_word' id='word_1_173' title='bbox 894 2506 993 2572; x_wconf 86' lang='lat' dir='ltr'>missa</span> 
     </span>
     <span class='ocr_line' id='line_1_25' title="bbox 10 2601 992 2687; baseline 0.001 -23"><span class='ocrx_word' id='word_1_174' title='bbox 10 2620 18 2664; x_wconf 87' lang='grc' dir='ltr'>ι</span> <span class='ocrx_word' id='word_1_175' title='bbox 38 2604 169 2671; x_wconf 82' lang='lat' dir='ltr'>frustra</span> <span class='ocrx_word' id='word_1_176' title='bbox 185 2602 373 2680; x_wconf 90' lang='lat' dir='ltr'>acciderent,</span> <span class='ocrx_word' id='word_1_177' title='bbox 401 2602 520 2687; x_wconf 90' lang='lat' dir='ltr'>equites</span> <span class='ocrx_word' id='word_1_178' title='bbox 539 2601 709 2666; x_wconf 88' lang='lat' dir='ltr'>circumitis</span> <span class='ocrx_word' id='word_1_179' title='bbox 726 2601 864 2670; x_wconf 90' lang='lat' dir='ltr'>hostium</span> <span class='ocrx_word' id='word_1_180' title='bbox 881 2601 992 2666; x_wconf 80' lang='lat' dir='ltr'>eastris</span> 
     </span>
     <span class='ocr_line' id='line_1_26' title="bbox 10 2693 993 2783; baseline -0.006 -17"><span class='ocrx_word' id='word_1_181' title='bbox 10 2718 85 2767; x_wconf 73' lang='lat' dir='ltr'>tsso</span> <span class='ocrx_word' id='word_1_182' title='bbox 102 2697 360 2768; x_wconf 87' lang='lat' dir='ltr'>renuntiaverunt</span> <span class='ocrx_word' id='word_1_183' title='bbox 380 2718 443 2762; x_wconf 93' lang='lat' dir='ltr'>non</span> <span class='ocrx_word' id='word_1_184' title='bbox 466 2696 576 2762; x_wconf 90' lang='lat' dir='ltr'>eadem</span> <span class='ocrx_word' id='word_1_185' title='bbox 599 2718 670 2763; x_wconf 87' lang='lat' dir='ltr'>esse</span> <span class='ocrx_word' id='word_1_186' title='bbox 692 2695 853 2783; x_wconf 89' lang='lat' dir='ltr'>diligentia</span> <span class='ocrx_word' id='word_1_187' title='bbox 875 2693 915 2760; x_wconf 91' lang='lat' dir='ltr'>ab</span> <span class='ocrx_word' id='word_1_188' title='bbox 938 2694 993 2760; x_wconf 88' lang='lat' dir='ltr'>de-</span> 
     </span>
     <span class='ocr_line' id='line_1_27' title="bbox 10 2788 991 2880; baseline -0.008 -18"><span class='ocrx_word' id='word_1_189' title='bbox 10 2812 101 2862; x_wconf 62' lang='lat' dir='ltr'>cana</span> <span class='ocrx_word' id='word_1_190' title='bbox 121 2800 214 2880; x_wconf 86' lang='lat' dir='ltr'>porta</span> <span class='ocrx_word' id='word_1_191' title='bbox 235 2800 337 2858; x_wconf 87' lang='lat' dir='ltr'>castra</span> <span class='ocrx_word' id='word_1_192' title='bbox 362 2791 482 2856; x_wconf 87' lang='lat' dir='ltr'>munita</span> <span class='ocrx_word' id='word_1_193' title='bbox 507 2789 695 2875; x_wconf 87' lang='lat' dir='ltr'>facilemque</span> <span class='ocrx_word' id='word_1_194' title='bbox 721 2790 841 2855; x_wconf 87' lang='lat' dir='ltr'>aditum</span> <span class='ocrx_word' id='word_1_195' title='bbox 866 2788 991 2855; x_wconf 87' lang='lat' dir='ltr'>habere.</span> 
     </span>
     <span class='ocr_line' id='line_1_28' title="bbox 10 2884 1042 2973; baseline -0.002 -18"><span class='ocrx_word' id='word_1_196' title='bbox 10 2910 105 2955; x_wconf 65' lang='lat' dir='ltr'>usus</span> <span class='ocrx_word' id='word_1_197' title='bbox 124 2886 265 2971; x_wconf 88' lang='lat' dir='ltr'>equitum</span> <span class='ocrx_word' id='word_1_198' title='bbox 281 2885 458 2973; x_wconf 84' lang='lat' dir='ltr'>praefectos</span> <span class='ocrx_word' id='word_1_199' title='bbox 481 2885 674 2964; x_wconf 87' lang='lat' dir='ltr'>cohortatus,</span> <span class='ocrx_word' id='word_1_200' title='bbox 702 2894 737 2950; x_wconf 92' lang='lat' dir='ltr'>ut</span> <span class='ocrx_word' id='word_1_201' title='bbox 757 2884 881 2972; x_wconf 87' lang='lat' dir='ltr'>magnis</span> <span class='ocrx_word' id='word_1_202' title='bbox 902 2905 993 2971; x_wconf 87' lang='lat' dir='ltr'>prae-</span> <span class='ocrx_word' id='word_1_203' title='bbox 1009 2903 1042 2954; x_wconf 79' lang='lat'>26</span> 
     </span>
     <span class='ocr_line' id='line_1_29' title="bbox 10 2978 991 3070; baseline -0.006 -21"><span class='ocrx_word' id='word_1_204' title='bbox 10 3002 29 3049; x_wconf 81' lang='lat' dir='ltr'>s</span> <span class='ocrx_word' id='word_1_205' title='bbox 46 2979 393 3070; x_wconf 86' lang='lat' dir='ltr'>pollicitationibusque</span> <span class='ocrx_word' id='word_1_206' title='bbox 416 3002 491 3047; x_wconf 90' lang='lat' dir='ltr'>suos</span> <span class='ocrx_word' id='word_1_207' title='bbox 513 2980 699 3059; x_wconf 86' lang='lat' dir='ltr'>excitarent,</span> <span class='ocrx_word' id='word_1_208' title='bbox 725 2979 802 3063; x_wconf 89' lang='lat' dir='ltr'>quid</span> <span class='ocrx_word' id='word_1_209' title='bbox 822 2979 890 3044; x_wconf 91' lang='lat' dir='ltr'>fieri</span> <span class='ocrx_word' id='word_1_210' title='bbox 907 2978 991 3057; x_wconf 82' lang='lat' dir='ltr'>velit,</span> 
     </span>
     <span class='ocr_line' id='line_1_30' title="bbox 10 3071 990 3164; baseline -0.01 -17"><span class='ocrx_word' id='word_1_211' title='bbox 10 3077 112 3147; x_wconf 75' lang='lat' dir='ltr'>audit.</span> <span class='ocrx_word' id='word_1_212' title='bbox 156 3075 216 3156; x_wconf 90' lang='lat' dir='ltr'>illi,</span> <span class='ocrx_word' id='word_1_213' title='bbox 241 3085 277 3143; x_wconf 90' lang='lat' dir='ltr'>ut</span> <span class='ocrx_word' id='word_1_214' title='bbox 293 3085 360 3144; x_wconf 89' lang='lat' dir='ltr'>erat</span> <span class='ocrx_word' id='word_1_215' title='bbox 376 3076 578 3164; x_wconf 86' lang='lat' dir='ltr'>imperatum,</span> <span class='ocrx_word' id='word_1_216' title='bbox 606 3074 727 3142; x_wconf 86' lang='lat' dir='ltr'>eductis</span> <span class='ocrx_word' id='word_1_217' title='bbox 744 3074 784 3139; x_wconf 90' lang='lat' dir='ltr'>iis</span> <span class='ocrx_word' id='word_1_218' title='bbox 802 3071 990 3150; x_wconf 90' lang='lat' dir='ltr'>cohortibus,</span> 
     </span>
     <span class='ocr_line' id='line_1_31' title="bbox 10 3167 993 3260; baseline -0.011 -19"><span class='ocrx_word' id='word_1_219' title='bbox 10 3196 41 3241; x_wconf 78' lang='lat' dir='ltr'>se</span> <span class='ocrx_word' id='word_1_220' title='bbox 59 3171 223 3260; x_wconf 85' lang='lat' dir='ltr'>praesidio</span> <span class='ocrx_word' id='word_1_221' title='bbox 240 3173 349 3238; x_wconf 85' lang='lat' dir='ltr'>castris</span> <span class='ocrx_word' id='word_1_222' title='bbox 368 3171 493 3237; x_wconf 90' lang='lat' dir='ltr'>relictae</span> <span class='ocrx_word' id='word_1_223' title='bbox 510 3171 633 3236; x_wconf 84' lang='lat' dir='ltr'>intritae</span> <span class='ocrx_word' id='word_1_224' title='bbox 651 3168 691 3235; x_wconf 86' lang='lat' dir='ltr'>ab</span> <span class='ocrx_word' id='word_1_225' title='bbox 708 3167 815 3234; x_wconf 89' lang='lat' dir='ltr'>labore</span> <span class='ocrx_word' id='word_1_226' title='bbox 833 3177 935 3245; x_wconf 90' lang='lat' dir='ltr'>erant,</span> <span class='ocrx_word' id='word_1_227' title='bbox 962 3174 993 3230; x_wconf 92' lang='lat' dir='ltr'>et</span> 
     </span>
     <span class='ocr_line' id='line_1_32' title="bbox 10 3262 993 3359; baseline -0.012 -23"><span class='ocrx_word' id='word_1_228' title='bbox 10 3269 109 3359; x_wconf 81' lang='lat' dir='ltr'>giorc</span> <span class='ocrx_word' id='word_1_229' title='bbox 126 3265 236 3334; x_wconf 88' lang='lat' dir='ltr'>itinere</span> <span class='ocrx_word' id='word_1_230' title='bbox 253 3266 486 3345; x_wconf 90' lang='lat' dir='ltr'>circumductis,</span> <span class='ocrx_word' id='word_1_231' title='bbox 514 3289 554 3332; x_wconf 89' lang='lat' dir='ltr'>ne</span> <span class='ocrx_word' id='word_1_232' title='bbox 572 3286 612 3331; x_wconf 90' lang='lat' dir='ltr'>ex</span> <span class='ocrx_word' id='word_1_233' title='bbox 633 3263 770 3330; x_wconf 92' lang='lat' dir='ltr'>hostium</span> <span class='ocrx_word' id='word_1_234' title='bbox 792 3262 901 3327; x_wconf 87' lang='lat' dir='ltr'>castris</span> <span class='ocrx_word' id='word_1_235' title='bbox 919 3282 993 3326; x_wconf 90' lang='lat' dir='ltr'>con-</span> 
     </span>
     <span class='ocr_line' id='line_1_33' title="bbox 10 3357 993 3449; baseline -0.011 -19"><span class='ocrx_word' id='word_1_236' title='bbox 10 3363 43 3431; x_wconf 82' lang='lat' dir='ltr'>ci</span> <span class='ocrx_word' id='word_1_237' title='bbox 70 3369 216 3449; x_wconf 89' lang='lat' dir='ltr'>possent,</span> <span class='ocrx_word' id='word_1_238' title='bbox 247 3362 386 3428; x_wconf 89' lang='lat' dir='ltr'>omnium</span> <span class='ocrx_word' id='word_1_239' title='bbox 413 3360 511 3427; x_wconf 91' lang='lat' dir='ltr'>oculis</span> <span class='ocrx_word' id='word_1_240' title='bbox 537 3358 757 3442; x_wconf 88' lang='lat' dir='ltr'>mentibusque</span> <span class='ocrx_word' id='word_1_241' title='bbox 784 3357 824 3421; x_wconf 88' lang='lat' dir='ltr'>ad</span> <span class='ocrx_word' id='word_1_242' title='bbox 852 3377 993 3442; x_wconf 90' lang='lat' dir='ltr'>pugnam</span> 
     </span>
     <span class='ocr_line' id='line_1_34' title="bbox 10 3451 994 3542; baseline -0.011 -15"><span class='ocrx_word' id='word_1_243' title='bbox 10 3459 93 3527; x_wconf 72' lang='lat' dir='ltr'>ntis</span> <span class='ocrx_word' id='word_1_244' title='bbox 111 3456 255 3524; x_wconf 88' lang='lat' dir='ltr'>celeriter</span> <span class='ocrx_word' id='word_1_245' title='bbox 271 3457 313 3523; x_wconf 90' lang='lat' dir='ltr'>ad</span> <span class='ocrx_word' id='word_1_246' title='bbox 329 3479 398 3536; x_wconf 89' lang='lat' dir='ltr'>eas,</span> <span class='ocrx_word' id='word_1_247' title='bbox 417 3479 495 3542; x_wconf 91' lang='lat' dir='ltr'>quas</span> <span class='ocrx_word' id='word_1_248' title='bbox 513 3456 659 3532; x_wconf 87' lang='lat' dir='ltr'>diximus,</span> <span class='ocrx_word' id='word_1_249' title='bbox 678 3451 866 3517; x_wconf 89' lang='lat' dir='ltr'>munitiones</span> <span class='ocrx_word' id='word_1_250' title='bbox 883 3473 994 3539; x_wconf 88' lang='lat' dir='ltr'>perve-</span> 
     </span>
     <span class='ocr_line' id='line_1_35' title="bbox 10 3546 993 3638; baseline -0.008 -19"><span class='ocrx_word' id='word_1_251' title='bbox 10 3559 193 3637; x_wconf 78' lang='lat' dir='ltr'>mutatque</span> <span class='ocrx_word' id='word_1_252' title='bbox 210 3551 260 3617; x_wconf 92' lang='lat' dir='ltr'>his</span> <span class='ocrx_word' id='word_1_253' title='bbox 277 3552 413 3638; x_wconf 88' lang='lat' dir='ltr'>prorutis</span> <span class='ocrx_word' id='word_1_254' title='bbox 434 3552 521 3638; x_wconf 87' lang='lat' dir='ltr'>prius</span> <span class='ocrx_word' id='word_1_255' title='bbox 539 3551 573 3615; x_wconf 93' lang='lat' dir='ltr'>in</span> <span class='ocrx_word' id='word_1_256' title='bbox 589 3548 727 3614; x_wconf 92' lang='lat' dir='ltr'>hostium</span> <span class='ocrx_word' id='word_1_257' title='bbox 750 3547 859 3612; x_wconf 86' lang='lat' dir='ltr'>castris</span> <span class='ocrx_word' id='word_1_258' title='bbox 879 3546 993 3613; x_wconf 89' lang='lat' dir='ltr'>consti-</span> 
     </span>
     <span class='ocr_line' id='line_1_36' title="bbox 10 3642 992 3735; baseline -0.006 -23"><span class='ocrx_word' id='word_1_259' title='bbox 10 3656 84 3735; x_wconf 72' lang='lat' dir='ltr'>¹tint,</span> <span class='ocrx_word' id='word_1_260' title='bbox 111 3666 208 3732; x_wconf 87' lang='lat' dir='ltr'>quam</span> <span class='ocrx_word' id='word_1_261' title='bbox 225 3645 318 3734; x_wconf 91' lang='lat' dir='ltr'>plane</span> <span class='ocrx_word' id='word_1_262' title='bbox 335 3645 375 3712; x_wconf 90' lang='lat' dir='ltr'>ab</span> <span class='ocrx_word' id='word_1_263' title='bbox 393 3645 443 3711; x_wconf 93' lang='lat' dir='ltr'>his</span> <span class='ocrx_word' id='word_1_264' title='bbox 460 3644 560 3710; x_wconf 87' lang='lat' dir='ltr'>videri</span> <span class='ocrx_word' id='word_1_265' title='bbox 577 3653 644 3720; x_wconf 91' lang='lat' dir='ltr'>aut,</span> <span class='ocrx_word' id='word_1_266' title='bbox 667 3642 744 3727; x_wconf 92' lang='lat' dir='ltr'>quid</span> <span class='ocrx_word' id='word_1_267' title='bbox 761 3642 806 3707; x_wconf 89' lang='lat' dir='ltr'>rei</span> <span class='ocrx_word' id='word_1_268' title='bbox 823 3650 992 3729; x_wconf 87' lang='lat' dir='ltr'>gereretur,</span> 
     </span>
     <span class='ocr_line' id='line_1_37' title="bbox 50 3735 992 3828; baseline -0.01 -20"><span class='ocrx_word' id='word_1_269' title='bbox 50 3741 120 3808; x_wconf 87' lang='lat' dir='ltr'>osci</span> <span class='ocrx_word' id='word_1_270' title='bbox 140 3750 259 3828; x_wconf 81' lang='lat' dir='ltr'>posset</span> <span class='ocrx_word' id='word_1_271' title='bbox 303 3749 370 3807; x_wconf 89' lang='lat' dir='ltr'>tum</span> <span class='ocrx_word' id='word_1_272' title='bbox 395 3763 470 3807; x_wconf 86' lang='lat' dir='ltr'>vero</span> <span class='ocrx_word' id='word_1_273' title='bbox 495 3739 630 3805; x_wconf 86' lang='lat' dir='ltr'>clamore</span> <span class='ocrx_word' id='word_1_274' title='bbox 652 3737 692 3804; x_wconf 92' lang='lat' dir='ltr'>ab</span> <span class='ocrx_word' id='word_1_275' title='bbox 714 3759 752 3803; x_wconf 90' lang='lat' dir='ltr'>ea</span> <span class='ocrx_word' id='word_1_276' title='bbox 776 3746 865 3823; x_wconf 87' lang='lat' dir='ltr'>parte</span> <span class='ocrx_word' id='word_1_277' title='bbox 886 3735 992 3801; x_wconf 88' lang='lat' dir='ltr'>audito</span> 
     </span>
     <span class='ocr_line' id='line_1_38' title="bbox 10 3758 993 3923; baseline -0.011 -16"><span class='ocrx_word' id='word_1_278' title='bbox 10 3758 66 3907; x_wconf 53' lang='grc' dir='ltr'>Ξῖ</span> <span class='ocrx_word' id='word_1_279' title='bbox 80 3834 300 3923; x_wconf 83' lang='lat' dir='ltr'>redintegratis</span> <span class='ocrx_word' id='word_1_280' title='bbox 318 3835 451 3914; x_wconf 90' lang='lat' dir='ltr'>viribus,</span> <span class='ocrx_word' id='word_1_281' title='bbox 469 3834 555 3920; x_wconf 91' lang='lat' dir='ltr'>quod</span> <span class='ocrx_word' id='word_1_282' title='bbox 570 3832 755 3920; x_wconf 89' lang='lat' dir='ltr'>plerumque</span> <span class='ocrx_word' id='word_1_283' title='bbox 771 3833 804 3896; x_wconf 91' lang='lat' dir='ltr'>in</span> <span class='ocrx_word' id='word_1_284' title='bbox 822 3852 878 3916; x_wconf 93' lang='lat' dir='ltr'>spe</span> <span class='ocrx_word' id='word_1_285' title='bbox 894 3829 993 3896; x_wconf 86' lang='lat' dir='ltr'>victo·</span> 
     </span>
     <span class='ocr_line' id='line_1_39' title="bbox 10 3925 992 4018; baseline -0.01 -17"><span class='ocrx_word' id='word_1_286' title='bbox 10 3931 183 4001; x_wconf 78' lang='lat' dir='ltr'>teaccidere</span> <span class='ocrx_word' id='word_1_287' title='bbox 193 3933 366 4010; x_wconf 91' lang='lat' dir='ltr'>consucvit,</span> <span class='ocrx_word' id='word_1_288' title='bbox 379 3932 482 3997; x_wconf 85' lang='lat' dir='ltr'>acrius</span> <span class='ocrx_word' id='word_1_289' title='bbox 490 3931 676 4018; x_wconf 85' lang='lat' dir='ltr'>impugnare</span> <span class='ocrx_word' id='word_1_290' title='bbox 684 3936 862 4015; x_wconf 78' lang='lat' dir='ltr'>coeperunt.</span> <span class='ocrx_word' id='word_1_291' title='bbox 884 3925 992 3992; x_wconf 87' lang='lat' dir='ltr'>hostes</span> 
     </span>
     <span class='ocr_line' id='line_1_40' title="bbox 10 4004 1010 4181; baseline -0.009 -89"><span class='ocrx_word' id='word_1_292' title='bbox 10 4004 108 4181; x_wconf 43' lang='lat' dir='ltr'>§ique</span> <span class='ocrx_word' id='word_1_293' title='bbox 123 4025 326 4093; x_wconf 81' lang='lat' dir='ltr'>circumventi</span> <span class='ocrx_word' id='word_1_294' title='bbox 343 4025 520 4116; x_wconf 87' lang='lat' dir='ltr'>desperatis</span> <span class='ocrx_word' id='word_1_295' title='bbox 539 4024 690 4095; x_wconf 90' lang='lat' dir='ltr'>omnibus</span> <span class='ocrx_word' id='word_1_296' title='bbox 706 4022 805 4092; x_wconf 85' lang='lat' dir='ltr'>rebus</span> <span class='ocrx_word' id='word_1_297' title='bbox 816 4041 1010 4108; x_wconf 76' lang='lat' dir='ltr'>supermu-</span> 
     </span>
     <span class='ocr_line' id='line_1_41' title="bbox 32 4118 1034 4218; baseline -0.003 -33"><span class='ocrx_word' id='word_1_298' title='bbox 32 4139 93 4205; x_wconf 70' lang='grc' dir='ltr'>περ</span> <span class='ocrx_word' id='word_1_299' title='bbox 108 4118 229 4185; x_wconf 83' lang='lat' dir='ltr'>deicere</span> <span class='ocrx_word' id='word_1_300' title='bbox 247 4132 280 4187; x_wconf 85' lang='lat' dir='ltr'>et</span> <span class='ocrx_word' id='word_1_301' title='bbox 294 4120 377 4213; x_wconf 78' lang='lat' dir='ltr'>fuga</span> <span class='ocrx_word' id='word_1_302' title='bbox 397 4123 542 4194; x_wconf 86' lang='lat' dir='ltr'>salutem</span> <span class='ocrx_word' id='word_1_303' title='bbox 559 4137 674 4218; x_wconf 89' lang='lat' dir='ltr'>petere</span> <span class='ocrx_word' id='word_1_304' title='bbox 691 4121 922 4193; x_wconf 76' lang='lat' dir='ltr'>intendenmt.</span> <span class='ocrx_word' id='word_1_305' title='bbox 946 4131 1034 4201; x_wconf 62' lang='lat' dir='ltr'>quus</span> 
     </span>
    </p>
   </div>
   <div class='ocr_carea' id='block_1_5' title="bbox 0 0 1212 4336">
    <p class='ocr_par' dir='ltr' id='par_1_5' title="bbox 0 0 1212 4336">
     <span class='ocr_line' id='line_1_42' title="bbox 0 0 1212 4336; baseline 0 0"><span class='ocrx_word' id='word_1_306' title='bbox 0 0 1212 4336; x_wconf 95' lang='lat' dir='ltr'> </span> 
     </span>
    </p>
   </div>
  </div>
 </body>
</html>
