2414 4336
153 252 216 322 130
471 263 525 320 DE
542 260 670 319 BELLO
690 256 863 320 eunuco

151 391 297 479 seuquid
310 389 589 457 administrandum
600 387 768 465 videretur,
785 407 893 471 neque
906 385 1005 452 ullum
1015 386 1069 455 iere

150 484 389 565 intermittebat,
417 484 493 571 quin
511 482 647 570 equestri
667 481 786 570 proelio
807 481 983 549 interiectis
1000 483 1069 571 sagit

151 582 228 670 quid
244 582 277 647 in
293 602 419 667 quoque
436 589 521 646 esset
537 577 633 644 animi
650 597 688 642 ao
709 576 836 643 virtutis
860 600 1004 658 suorum,
1024 599 1069 664 per

150 687 246 744 retur.
290 684 357 742 erat
383 697 401 740 e
425 673 554 762 regione
580 671 688 758 oppidi
710 671 801 738 collis
830 671 892 738 sub
920 672 998 760 ipsis
1021 673 1069 738 rad

152 771 284 849 montis,
311 768 437 857 egregie
459 768 597 834 munitus
620 774 715 851 atque
737 765 888 832 exomni
909 775 999 853 parte
1018 766 1069 832 circ

152 888 222 945 sus;
240 886 334 950 quern
352 865 380 929 si
396 872 536 928 tenerent
552 859 661 940 nostri,
680 868 711 925 et
727 881 829 946 aquae
846 883 968 948 magna
979 869 1069 948 parte

151 958 311 1026 bulatione
323 957 421 1024 libera
433 955 619 1043 prohibituri
632 955 738 1023 hostes
752 954 954 1022 videbantur.
986 957 1069 1023 sedis

152 1052 310 1141 praesidio
337 1051 377 1118 ab
403 1051 453 1117 his
475 1073 540 1117 non
560 1050 654 1115 nimis
676 1049 766 1115 firmo
788 1048 967 1116 tenebatur.
1014 1060 1069 1116 tam

154 1148 250 1214 lentio
267 1147 368 1213 noctis
387 1145 507 1213 Caesar
528 1167 568 1211 ex
585 1145 695 1212 castris
714 1166 877 1232 egressus,
905 1146 1069 1232 priusquan

153 1241 234 1308 sidio
257 1262 297 1306 ex
317 1242 434 1328 oppido
459 1239 559 1306 veniri
584 1248 705 1325 posset,
732 1239 854 1306 deiecto
879 1240 1037 1326 praesidio
1057 1261 1069 1326 p

154 1336 224 1402 loco
242 1335 321 1401 duas
339 1335 384 1401 ibi
400 1334 540 1422 legiones
558 1333 723 1400 collocavit
735 1332 922 1418 fossamque
937 1334 1069 1421 duplices

154 1431 271 1496 denum
287 1429 403 1515 pedum
422 1453 442 1494 a
457 1427 628 1494 maioribus
646 1427 756 1493 castris
774 1428 815 1493 ad
833 1428 959 1494 minora
974 1428 1069 1514 perdu

154 1533 221 1590 tuto
238 1522 278 1589 ab
296 1523 459 1610 repentino
473 1522 612 1589 hostium
624 1521 753 1587 incursu
766 1521 861 1587 etiam
876 1521 995 1609 singuli
1008 1543 1069 1587 com

152 1626 292 1705 possent.
754 1641 757 1646 ·

103 1734 135 1783 er
216 1711 305 1778 Dum
331 1712 410 1779 haec
436 1712 477 1777 nd
505 1708 698 1798 Gergoviam
722 1719 887 1798 geruntur,
923 1709 1069 1778 Convictol

154 1806 318 1884 Haeduus,
337 1807 388 1872 cui
405 1806 624 1893 magistratum
641 1805 853 1870 adiudicatum
868 1828 888 1870 a
903 1804 1036 1872 Caesare
1047 1805 1069 1869 dt

155 1901 336 1979 stravimus,
360 1899 544 1965 sollicitatus
567 1898 608 1965 ab
624 1898 778 1965 Arvernis
799 1899 936 1985 pecunia
957 1920 1028 1965 cum
1046 1921 1069 1983 qr

63 2053 66 2061 .
154 1995 228 2060 dam
258 1994 511 2061 adulescentibus
543 1994 743 2079 colloquitur3
779 2016 914 2079 quorum
944 2003 1010 2060 erat
1033 1994 1069 2080 pri

153 2090 323 2156 Litavicus‘
336 2099 429 2176 atque
447 2088 515 2156 eius
532 2090 654 2169 frames,
674 2088 867 2176 amplissima
884 2089 1006 2156 familia
1021 2087 1069 2153 nat'

154 2184 317 2252 lescentes.
362 2207 435 2250 cum
455 2184 505 2249 his
531 2183 705 2270 praemium
732 2183 943 2250 communicat
967 2185 1069 2251 hortat

154 2289 190 2345 ut
216 2302 251 2346 se
271 2279 386 2346 liberos
414 2288 445 2346 et
469 2279 600 2366 imperio
626 2288 716 2345 natos
743 2278 949 2345 meminerint
993 2301 1069 2342 unan

155 2374 361 2440 Haeduorum
379 2374 545 2452 civitatem,
564 2395 645 2457 quae
658 2373 864 2439 certissimam
878 2370 1003 2439 Galliae
1019 2373 1069 2437 vict

154 2468 305 2547 detineat3
329 2468 396 2534 eius
415 2469 598 2534 anctoritate
615 2468 751 2553 reliquas
770 2467 935 2547 contineri3
958 2489 1023 2554 qua
1038 2476 1069 2531 trr

154 2562 259 2628 locum
276 2562 467 2628 consistendi
483 2561 635 2627 Romanis
653 2562 686 2626 in
704 2558 809 2628 Gallia
825 2583 890 2626 non
907 2561 985 2627 fore.
1017 2582 1069 2626 esst

154 2654 241 2721 nullo
259 2677 293 2720 se
312 2653 459 2722 Caesaris
476 2654 629 2723 beneficio
646 2656 804 2735 affectum,
823 2656 869 2722 sic
886 2665 1007 2735 tamen,
1026 2664 1059 2720 ut

156 2750 268 2815 simam
289 2749 374 2835 apud
396 2771 468 2814 eum
490 2773 618 2816 eausam
641 2748 822 2829 obtinuerit3
850 2751 907 2815 sed
928 2750 1001 2836 plus
1024 2771 1069 2815 cor

154 2843 290 2910 libertati
307 2842 452 2908 tribuere.
488 2866 545 2910 eur
561 2844 644 2910 enim
661 2845 765 2930 potius
783 2843 912 2909 Haedui
930 2845 970 2908 de
990 2843 1069 2910 suoi

155 2938 195 3003 de
212 2935 335 3024 legibus
353 2936 393 3001 ad
413 2935 583 3004 Caesarem
601 2940 855 3025 disceptatorem,
874 2959 970 3022 quam
988 2937 1069 3004 Rom

155 3031 308 3100 Haeduos
326 3031 471 3097 veniant?
493 3032 633 3099 celeriter
650 3031 903 3100 adulescentibus
918 3041 950 3098 et
963 3032 1069 3098 oratior

154 3128 305 3216 gistratus
323 3136 355 3192 et
371 3127 510 3213 praemio
533 3127 689 3206 deductis,
717 3150 790 3193 cum
812 3149 846 3192 se
864 3125 916 3191 vel
938 3128 1069 3213 princip«

156 3222 279 3288 consilii
304 3220 371 3288 fore
396 3220 627 3311 profiterentur,
654 3223 732 3288 ratio
757 3221 940 3308 perficiendi
964 3243 1069 3306 quaer:

157 3316 242 3399 quod
267 3316 424 3382 civitatem
452 3325 568 3381 temere
594 3318 634 3381 ad
660 3316 894 3403 suscipiendum
919 3314 1042 3382 bellum

157 3430 251 3494 posse
268 3432 332 3476 non
348 3410 555 3477 confidebant.
598 3411 729 3498 placuit,
754 3421 789 3476 ut
806 3410 971 3476 Litavious
997 3411 1069 3478 dece

157 3501 293 3582 milibus,
312 3526 393 3589 quae
408 3504 538 3572 Caesari
555 3506 595 3571 ad
612 3505 729 3572 bellum
743 3505 945 3583 mitterentur,
964 3505 1069 3590 praefi*

158 3605 251 3681 atque
274 3619 311 3662 ea
332 3598 476 3664 ducenda
498 3609 632 3679 curaret,
660 3599 835 3684 fratresque
857 3599 924 3665 eius
948 3600 991 3664 ad
1016 3599 1069 3667 Ca

157 3703 399 3777 praecurrerent.
426 3694 545 3779 reliqua
558 3717 620 3780 qua
632 3693 750 3759 ratione
764 3694 817 3780 agi
829 3694 960 3779 placeat,
980 3705 1069 3762 const

108 3805 140 3854 as
156 3786 322 3852 Litavicus
341 3794 473 3873 'accepto
499 3791 650 3869 exercitu,
678 3810 750 3854 cum
771 3788 858 3853 milia
883 3810 1039 3874 passuum
1066 3819 1069 3848 t

158 3879 269 3948 XXX
290 3880 330 3947 ab
354 3879 513 3969 Gergovia
535 3882 674 3962 abesset,
702 3883 881 3949 convocatis
904 3882 1012 3950 subito
1034 3887 1069 3949 m?

158 3973 337 4056 lacrimans,
357 3984 433 4063 ‘quo
450 3977 692 4062 proficiscimur‚’
709 3978 818 4064 inquit,
839 3977 987 4044 ‘militesi
1009 4003 1069 4046 omr

159 4077 223 4137 ster
239 4070 409 4155 equitatus,
428 4072 530 4138 omnis
547 4072 692 4140 nobilitas
711 4073 839 4154 interiit3
861 4073 1020 4163 principes
1040 4077 1068 4143 oi

91 4268 207 4300 *-
