2414 4336
181 256 244 328 150
494 268 547 325 nu
567 269 695 327 annno
714 270 883 328 annuroo

178 395 346 486 gerebatur
365 393 468 483 neque
488 405 572 463 recte
594 418 632 462 ao
652 397 783 483 turpiter
807 395 928 461 factum
954 396 1048 462 celari
1070 420 1108 483 po

178 502 327 578 utrosque
346 501 377 558 et
393 491 494 557 laudis
512 491 665 578 cupiditas
684 502 716 558 et
732 492 825 557 timor
841 492 1032 579 ignominiae
1050 494 1108 558 ad*

179 596 243 653 tem
265 585 430 652 excitabat.
474 607 546 650 oum
568 609 588 650 a
608 585 737 652 meridie
763 608 861 672 prope
887 586 930 652 ad
955 586 1032 653 solis
1058 609 1108 652 ooo

179 680 276 746 dubia
291 681 421 746 victoria
437 689 638 767 pugnaretur,
658 676 809 746 Germani
826 703 890 746 una
906 681 940 744 in
952 690 1043 767 parte
1056 703 1108 746 oon

179 775 289 840 turmis
315 775 348 841 in
373 773 481 840 hostes
506 774 658 860 impetum
682 774 825 840 fecerunt
846 796 964 859 eosque
991 776 1108 862 propult

179 870 293 956 quibus
310 870 344 936 in
359 870 471 957 fugam
488 870 636 935 coniectis
655 869 806 957 sagittarii
814 869 1027 935 circumventi
1037 871 1108 937 inter

180 987 241 1052 que
259 973 342 1031 sunt.
368 965 444 1030 item
456 985 502 1028 ex
518 963 646 1049 reliquis
663 963 805 1050 partibus
822 965 922 1029 nostri
939 964 1085 1032 cedentes
1099 988 1108 1030 r

178 1059 220 1125 ad
237 1067 340 1125 castra
356 1058 490 1124 insecuti
507 1059 557 1124 sui
574 1058 740 1145 colligendi
760 1057 944 1124 facultatem
961 1081 1027 1126 non
1044 1060 1108 1126 dede

179 1163 211 1219 at
230 1153 267 1233 ii,
293 1152 349 1238 qui
370 1152 410 1218 ab
433 1151 544 1218 Alesia
565 1163 794 1239 processerant,
820 1154 934 1218 maesti
954 1176 1055 1242 prope
1075 1155 1108 1220 vi

127 1265 160 1317 81
179 1247 345 1333 desperata
362 1269 396 1313 se
413 1247 447 1311 in
472 1246 622 1334 oppidum
638 1255 830 1332 receperunt
875 1270 939 1313 uno
957 1248 1011 1314 die
1028 1251 1108 1314 interr

180 1337 266 1407 Gelli
282 1349 376 1426 atque
392 1341 453 1406 hoo
472 1341 572 1426 spatio
589 1362 705 1427 magno
723 1340 868 1420 cratium,
896 1341 1066 1422 scalarum,
1090 1343 1108 1407 h

178 1458 298 1524 gonum
322 1457 452 1501 numero
478 1434 604 1513 effecto,
631 1435 735 1500 media
762 1444 852 1500 nocte
879 1434 1004 1503 silentio
1030 1459 1108 1502 exo

179 1529 300 1617 egressi
321 1529 363 1595 ad
383 1538 573 1615 campestres
596 1529 784 1595 munitiones
807 1530 970 1595 accedunt
1017 1531 1108 1597 subito

179 1646 266 1689 more
284 1622 417 1702 sublato,
436 1645 499 1708 qua
516 1622 743 1709 significatione
761 1623 816 1708 qui
832 1623 865 1688 in
881 1625 1000 1711 oppido
1018 1625 1108 1692 obsid

180 1727 231 1783 tur
248 1717 288 1782 de
310 1740 367 1783 suo
389 1717 526 1783 adventu
549 1739 738 1805 cognoscere
760 1728 904 1804 possent,
932 1729 1035 1786 crates
1056 1742 1108 1806 pro

180 1810 301 1889 fundis,
321 1811 459 1898 sagittis,
482 1810 639 1898 lapidibus
656 1821 780 1878 nostros
798 1813 837 1876 de
854 1812 937 1877 vnllo
956 1814 1108 1900 proturbat

178 1905 334 1990 liquaque‚
353 1927 434 1990 quae
451 1905 493 1970 ad
509 1906 775 1994 oppugnationem
791 1907 958 1994 pertinent,
976 1919 1088 1995 parant
1102 1932 1108 1972 r

178 2001 319 2066 nistrare.
342 1999 452 2065 eodem
465 2009 604 2087 tempore
618 2000 753 2067 clamore
762 2002 908 2068 exaudito
922 2002 978 2068 dat
990 2003 1067 2069 tuba
1078 2004 1108 2089 sir

180 2095 245 2162 suis
258 2093 496 2181 Vercingetorix
512 2103 606 2180 atque
619 2116 659 2161 ex
672 2095 788 2182 oppido
801 2095 914 2161 educit
942 2097 1043 2162 nostri
1059 2106 1092 2161 ut
1107 2133 1108 2159 r

177 2187 311 2256 rioribus
329 2188 450 2267 diebus,
468 2198 504 2253 ut
520 2190 633 2273 cuique
649 2189 738 2256 locus
757 2200 823 2255 erat
840 2189 1027 2270 attributus,
1046 2193 1108 2257 adr

179 2283 279 2348 tiones
306 2283 470 2362 accedunt3
502 2282 623 2363 fundis,
650 2282 803 2350 librilibus
831 2283 1041 2370 sudibusque,
1067 2307 1108 2370 qu

179 2399 272 2463 opere
290 2377 520 2464 disposuerant,
539 2400 576 2443 ao
593 2377 761 2465 glandibus
780 2376 889 2444 Gallos
907 2389 1087 2465 proterrent.

180 2481 288 2557 spectu
305 2471 441 2537 tenebris
459 2472 606 2559 adempto
622 2472 721 2538 multa
734 2474 888 2558 utrimque
902 2473 1035 2540 vulnera
1048 2474 1108 2558 acci

179 2576 242 2644 tur3
261 2567 421 2653 complura
438 2567 600 2633 tormentis
618 2567 680 2633 tela
697 2568 900 2633 coniciuntur.
938 2577 971 2634 at
987 2568 1108 2635 Marcus

178 2660 281 2725 tonius
304 2668 336 2725 et
359 2657 460 2726 Gaius
482 2659 660 2726 Trebonius
682 2661 793 2749 legati,
820 2661 934 2752 quibus
958 2685 1016 2728 eae
1036 2671 1108 2749 part

178 2754 410 2819 defendendum
427 2754 632 2834 obvenerant,
656 2777 719 2840 qua
736 2766 879 2842 exparte
897 2767 1025 2824 nostros
1041 2780 1108 2845 pren

178 2847 373 2927 tellexerant,
400 2849 450 2915 his
473 2850 589 2916 auxilio
612 2873 652 2916 ex
674 2850 871 2917 ulterioribus
896 2853 1035 2919 castellis
1053 2851 1108 2918 ded

127 2963 160 3015 82
180 2943 424 3010 summittebant.
468 2946 546 3010 dum
563 2944 688 3033 longius
706 2945 747 3011 ab
765 2946 938 3014 munitione
960 2946 1108 3014 aberautt

176 3038 459 3127 plus-multitudine
473 3039 606 3105 telorum
618 3040 836 3126 proficiebant3
853 3051 1062 3128 posteaquam
1073 3065 1108 3129 pr

179 3143 404 3211 successerunt,
423 3142 477 3200 aut
494 3155 529 3199 se
548 3134 680 3200 stimulis
699 3135 895 3221 inopinantes
913 3137 1108 3204 induebanta

178 3228 304 3296 scrobes
327 3229 422 3294 delati
447 3227 735 3295 transfodiebantur
755 3239 810 3295 aut
832 3253 871 3296 ex
893 3231 976 3296 vallo
1001 3254 1039 3298 ao
1064 3242 1108 3296 tur

177 3323 297 3389 traiecti
313 3325 384 3410 pilis
402 3323 573 3390 muralibus
591 3323 768 3389 interibant.
812 3324 919 3391 multis
937 3327 1077 3412 undique
1092 3349 1108 3391 r

176 3416 263 3483 ribus
285 3418 421 3503 acceptis
442 3418 529 3483 nulla
550 3418 722 3484 munitione
743 3429 905 3506 perrupta,
934 3441 1009 3486 oum
1029 3421 1086 3487 lux
1106 3449 1108 3484 r

177 3519 269 3591 teret,
296 3512 399 3590 veriti,
426 3535 466 3577 ne
488 3512 528 3578 ab
550 3512 647 3578 latere
669 3522 776 3600 aperto
795 3535 835 3579 ex
856 3515 1072 3601 superioribus
1093 3538 1108 3582 o

178 3605 338 3692 eruptione
355 3606 659 3687 circumvenirentur,
679 3630 714 3673 se
731 3607 773 3673 ad
790 3631 864 3674 suos
882 3621 1080 3696 receperunt.
1107 3644 1108 3672 r

177 3699 319 3778 teriores,
348 3700 423 3765 dum
445 3723 495 3781 ea,
522 3724 603 3787 quae
624 3725 644 3768 a
665 3701 923 3791 Vercingetorige
945 3705 987 3771 ad
1009 3705 1108 3794 erupti

176 3804 360 3881 praeparata
373 3804 469 3875 erant,
487 3797 659 3882 proferunt,
677 3798 797 3884 priores
810 3798 914 3866 fossas
929 3801 1069 3888 explent,
1088 3803 1108 3868 d

174 3888 208 3953 in
224 3889 276 3954 his
292 3888 386 3956 rebus
405 3890 658 3959 administrandis
681 3893 793 3958 morati
809 3894 896 3980 prius
920 3917 997 3962 suos
1016 3897 1108 3965 disce

167 3994 403 4072 cognoverunt,
422 4008 521 4073 quam
537 3986 767 4052 munitionibus
782 3989 1077 4071 appropinquarent

101 4093 139 4146 aa
157 4078 287 4148 infecta
300 4082 339 4148 in
349 4082 515 4172 oppidum
524 4090 738 4150 reverterunt.
752 4080 810 4146 tiis
820 4100 941 4162 magno
952 4100 1032 4144 oum
1040 4082 1108 4146 deti
