2414 4336
186 269 249 338 118
498 279 551 335 DE
567 276 695 336 BELLO
715 273 882 336 effluo

183 405 234 473 bis
250 405 327 471 18818
345 413 497 483 moratus,
521 404 608 489 quod
624 403 703 470 haec
720 402 761 468 de
777 400 1036 489 Vercingetorige
1052 421 1109 468 usu
1130 434 1147 456 v·
1201 475 1207 486 Α,

184 510 254 567 tura
270 499 415 587 opinione
432 507 646 586 praeceperat,
670 519 728 585 per
745 517 873 588 causam
891 494 1099 583 supplementi
1119 526 1136 553 ιι
1149 508 1166 547 1
1190 494 1207 573 ἱ

183 604 327 678 totusque
346 593 479 681 cogendi
495 592 535 659 ab
554 592 691 660 exercitu
708 591 849 670 discedit,
867 589 1006 656 Brutum
1022 589 1110 656 adulo
1117 625 1125 646 .·
1191 588 1207 643 Ι

183 699 247 756 tem
263 689 312 755 his
330 688 428 775 copiis
446 686 600 774 praeficit3
625 687 710 753 hunc
731 693 850 765 monet,
877 685 964 750 utin
982 684 1082 750 omnis
1106 715 1133 741 ιι·
1157 716 1162 739 2
1192 683 1207 767 1

183 784 303 870 equites
320 805 416 868 quam
432 781 583 849 latissime
600 790 823 869 pervagenturz
845 780 994 846 dabiram
1015 801 1051 846 se
1074 809 1122 837 ..ιι
1198 776 1207 828 l

156 900 222 944 ·ne
243 878 368 965 longius
390 877 493 944 triduo
514 876 554 943 ab
576 877 686 942 castris
709 875 800 941 absit.
844 875 893 940 his
915 872 1092 940 constitutis
1126 903 1159 933 τι»

183 973 248 1038 8818
269 970 501 1057 inopinantibus
524 992 618 1056 quem
640 970 784 1036 maximis
806 977 910 1056 potest
926 967 1091 1035 itineribus
1104 965 1160 1034 Vt

182 1091 256 1134 nam
281 1067 430 1155 pervenit.
475 1067 520 1133 ibi
545 1076 677 1133 nanctus
703 1074 860 1133 recentem
891 1066 1079 1150 equitatum,
1114 1093 1153 1119 ιιι

182 1162 288 1227 multis
315 1172 386 1228 ante
409 1162 519 1229 diebus
542 1184 579 1228 88
601 1161 817 1248 praemiserat,
844 1182 947 1245 neque
970 1159 1082 1226 diurno
1110 1187 1160 1215 1'0·

181 1265 332 1322 nocturno
353 1256 462 1321 itinere
479 1255 656 1322 intermisso
677 1277 733 1342 per
750 1255 829 1320 fines
846 1253 1056 1320 Haeduorum
1076 1254 1109 1320 in
1145 1252 1167 1308 is

181 1371 281 1438 genes
300 1351 465 1428 contendit,
484 1350 539 1416 ubi
557 1351 638 1415 duae
654 1349 794 1437 legiones
811 1348 1002 1429 hiemabant,
1020 1358 1066 1428 ut,
1084 1348 1111 1414 si
1123 1369 1170 1432 q·¹

183 1445 276 1511 etiam
293 1445 333 1511 de
351 1467 408 1510 sua
426 1444 525 1510 881818
543 1444 583 1510 ab
596 1444 740 1509 Haeduis
752 1444 881 1509 iniretur
898 1443 1033 1522 consilii,
1050 1442 1167 1511 celae

182 1549 400 1625 praecurreret.
446 1561 482 1605 88
509 1560 581 1604 cum
602 1539 808 1625 pervenisset,
836 1539 878 1604 ad
901 1537 1042 1623 reliquas
1065 1537 1164 1618 1·;·8
1204 1548 1207 1619 ,t

182 1634 276 1698 mittit
291 1634 439 1719 priusque
457 1655 565 1698 omnes
583 1634 616 1699 in
633 1656 731 1698 unum
743 1632 848 1698 locum
861 1632 956 1721 cogit,
975 1632 1120 1717 quamde
1136 1629 1161 1684 ι’
1199 1625 1207 1707 ,l

183 1728 318 1793 adventu
339 1726 490 1793 Arvernis
513 1729 647 1794 nuntiari
668 1737 784 1814 posset
832 1727 893 1793 hec
917 1750 953 1793 88
979 1726 1104 1814 cognita
1119 1722 1160 1791 18
1178 1719 1207 1797 l

182 1822 355 1908 cingetorix
381 1846 489 1889 rursus
515 1824 548 1887 in
572 1823 732 1910 Bituriges
763 1823 933 1888 exercitum
966 1823 1086 1888 reducit
1115 1851 1145 1876 ³··
1158 1812 1207 1881 81.

181 1916 254 1981 inde
270 1914 429 2001 profectus
449 1913 676 2003 Gorgobinam,
703 1917 855 1982 Boiorum
875 1917 1043 2003 oppidum,
1064 1937 1136 2002 quoe
1161 1905 1207 1980 t!

182 2009 347 2076 Helvetico
370 2010 487 2098 proelio
509 2011 608 2078 victos
632 2010 751 2078 Caesar
773 2010 980 2077 collocaverat
997 2000 1207 2094 Haeduae-¹

132 2123 164 2172 10
182 2104 374 2185 attribuerat,
403 2128 583 2193 oppugnare
600 2105 742 2171 instituit.
786 2127 935 2192 magnam
956 2105 1103 2172 18888888
1117 2100 1176 2170 Oet·
1196 2063 1207 2147 1

182 2199 244 2263 8881
269 2198 485 2266 difficultatem
510 2201 550 2266 ad
576 2199 739 2265 consilium
765 2199 952 2284 capiendum
979 2196 1138 2277 afferebat,
1157 2186 1207 2262 811

180 2291 331 2377 reliquam
351 2303 471 2379 partem
492 2294 603 2360 hiemis
626 2316 689 2359 unc
709 2293 780 2359 loco
796 2292 936 2380 legiones
956 2293 1176 2370 contineretur
1198 2278 1207 2360 1

181 2386 387 2474 stipendiariis
410 2388 618 2454 Haeduorum
645 2387 831 2474 expugnatis
862 2395 975 2453 cuneta
997 2384 1102 2454 Gallia
1122 2381 1176 2452 dti-
1200 2374 1207 2474 1

181 2489 276 2558 88881,
304 2481 389 2564 quod
409 2482 530 2547 nullum
552 2482 660 2548 amicis
682 2482 715 2546 in
737 2504 774 2547 88
795 2481 988 2567 praesidium
1008 2481 1125 2547 videret
1137 2499 1177 2565 pt·

181 2573 275 2637 situm
292 2596 377 2652 8888;
404 2575 453 2640 818
473 2576 624 2642 maturius
648 2598 688 2642 ex
708 2573 847 2640 hibernis
865 2575 1026 2656 educeret,
1052 2596 1093 2641 ne
1109 2572 1178 2640 aba

179 2666 382 2733 frumentaria
398 2668 484 2734 duris
503 2668 758 2736 subvectionibus
776 2668 939 2735 laboraret.
977 2664 1179 2756 praestarevi«

180 2782 251 2825 sum
277 2770 453 2827 esttamen
479 2785 587 2828 omnes
613 2763 811 2830 difficultates
833 2763 968 2849 perpeti,
995 2784 1092 2848 quam
1114 2767 1180 2828 eno

179 2854 366 2920 contumelia
391 2866 518 2942 accepta
544 2858 682 2924 omnium
709 2880 836 2924 suorum
857 2856 1034 2923 voluntates
1057 2857 1180 2924 alienare

179 2949 284 3034 itaque
297 2948 473 3015 cohortatus
482 2949 636 3018 Haeduos
646 2953 685 3018 de
698 2951 909 3039 supportando
924 2959 1102 3018 commeatu
1111 2968 1180 3037 pret·

178 3043 272 3109 mittit
289 3044 330 3109 ad
342 3043 449 3122 Boios,
468 3045 523 3128 qui
540 3046 579 3110 de
597 3068 655 3111 888
673 3047 810 3111 adventu
823 3045 954 3112 doceant
966 3046 1182 3129 hortenturque

177 3137 262 3204 utin
279 3137 342 3204 fide
359 3148 505 3204 maneant
521 3148 614 3223 atque
636 3139 773 3205 hostium
789 3140 941 3225 impetum
963 3163 1082 3228 magno
1098 3138 1183 3206 anime

179 3232 360 3298 sustineant.
409 3233 531 3299 duabus
556 3231 715 3320 Agedinci
739 3232 915 3320 legionibus
946 3242 1041 3318 etque
1071 3229 1184 3321 impedi-

129 3347 159 3396 11
177 3326 290 3392 mentis
304 3328 398 3392 181188
412 3328 565 3393 exercitus
579 3326 694 3393 relictis
707 3327 748 3392 ad
756 3327 853 3393 Boios
866 3326 1083 3414 proficiscitur.
1105 3326 1185 3394 altere

178 3420 229 3485 die
250 3441 322 3485 cum
343 3422 384 3487 ad
405 3423 555 3508 oppidum
573 3419 735 3488 Senonum
752 3421 1028 3488 Vellaunodunum
1051 3423 1184 3497 venisset,

176 3535 329 3599 nequem
350 3526 422 3602 post
444 3539 479 3583 88
499 3517 624 3584 hostem
644 3517 845 3601 relinqueret,
872 3539 935 3601 quo
958 3517 1147 3604 expeditiore
1160 3533 1186 3580 re

177 3610 380 3677 frumentaria
395 3619 546 3691 uteretur,
565 3634 746 3699 oppugnare
763 3613 897 3678 instituit
912 3613 1008 3697 idque
1026 3612 1125 3681 biduo
1139 3610 1187 3678 cir·

177 3703 392 3785 cumvallavit;
418 3706 508 3771 tertio
531 3707 581 3772 die
602 3708 708 3772 missis
731 3729 770 3773 ex
787 3706 903 3793 oppido
924 3707 1037 3794 legatis
1056 3709 1097 3774 de
1114 3704 1188 3773 dedi·

177 3800 261 3867 tione
282 3821 369 3866 arma
385 3799 532 3878 conferri,
557 3800 696 3867 iumenta
712 3800 857 3888 produci,
885 3810 1051 3869 sexcentos
1074 3799 1187 3869 obsidet

178 3894 245 3959 dari
261 3893 356 3960 iubet.
400 3915 438 3960 ea
454 3892 508 3979 qui
526 3894 700 3973 conficeret,
720 3891 836 3962 Gaium
850 3894 1045 3962 Trebonium
1061 3895 1187 3984 legemur

162 3987 325 4073 relinquit.
344 4048 350 4056 .
369 3989 456 4079 ipse,
480 3997 516 4054 ut
532 4010 631 4075 quam
645 3989 785 4076 primum
799 3990 861 4054 iter
879 3988 1014 4065 iaceret,
1036 3985 1187 4056 Cenabum

155 4078 344 4153 Carnutum
360 4084 601 4177 proficiscitur3
624 4085 684 4172 qui
698 4093 772 4150 tum
784 4083 929 4172 pirmnm
941 4077 1203 4144 mammes
