2414 4336
156 209 217 276 110
471 221 524 277 DE
541 221 667 278 BELLO
687 219 855 279 GALLIOO

153 368 191 413 ao
207 367 321 413 nomen
338 345 472 412 civitatis
489 345 623 412 tollatur.
650 368 784 433 magnus
802 345 942 430 undique
957 366 1074 411 numeru

152 440 256 508 leriter
274 441 428 506 convenit

103 554 136 606 tc
218 533 313 601 Haec
323 534 356 599 in
369 533 513 601 omnibus
522 533 709 600 Eburonum
721 533 864 621 partibus
876 532 1074 620 gerebantur,

35 656 37 659 ·
154 651 215 714 que
232 628 399 716 appetebat
415 628 582 716 septimus,
605 651 699 714 quem
716 629 757 694 ad
774 628 860 694 diem
878 627 999 694 Caesar
1018 627 1074 693 adi

154 724 292 790 dimenta
312 722 532 810 legionemque
553 723 667 790 reverti
693 723 904 790 constituerat.
948 723 1000 789 hic
1024 745 1074 808 qua

153 817 285 884 inbelle
302 817 429 883 fortuna
444 818 546 905 possit
562 827 594 884 et
611 827 743 903 quantos
760 817 872 882 afferat
893 838 1003 896 casus,
1025 839 1074 904 cog

153 912 265 1000 potuit
308 911 466 999 dissipatis
483 933 523 978 ac
537 913 707 1000 perterritis
724 910 882 990 hostibus,
899 922 937 976 ut
953 912 1074 977 demone

154 1028 236 1085 mus,
253 1028 364 1071 manus
382 1015 448 1072 erat
464 1005 565 1084 nulla,
583 1028 662 1091 qnae
679 1027 810 1092 parvam
828 1005 925 1071 modo
941 1027 1065 1072 causam

62 1155 69 1164 e
153 1099 196 1165 ris
218 1097 352 1164 afferret.
396 1108 481 1165 trans
498 1098 646 1165 Rhenum
668 1099 710 1164 ad
731 1095 906 1165 Germanos
924 1099 1074 1186 pervenit*

154 1191 247 1279 diripi
266 1190 433 1258 Eburones
459 1202 552 1278 atque
577 1193 658 1260 ultro
679 1214 788 1258 omnes
810 1193 852 1259 ad
872 1194 1025 1279 praedam
1043 1215 1074 1259 ev

155 1295 272 1373 cogunt
293 1286 433 1370 equitum
453 1287 516 1352 duo
541 1287 628 1353 milia
649 1284 834 1375 Sugambri,
860 1287 916 1371 qui
937 1297 1013 1353 sunt
1032 1309 1074 1374 prs

154 1379 281 1459 Rheno,
308 1380 459 1466 aquibus
476 1391 619 1468 receptos
641 1402 681 1446 ex
697 1381 775 1468 fuga
793 1380 968 1448 Tencteros
991 1391 1074 1466 atque

154 1484 243 1562 petes
265 1497 361 1561 supra
382 1473 555 1540 docuimus.
600 1483 762 1540 transeunt
777 1474 927 1540 Rhenum
948 1475 1074 1542 navibus

118 1599 123 1631 e
155 1568 277 1654 busque
299 1569 426 1656 triginta
450 1568 578 1636 milibus
602 1590 755 1655 passuum
779 1569 864 1635 infra
884 1592 958 1635 eum
980 1571 1074 1637 locum

154 1684 235 1750 pons
257 1673 323 1729 erat
343 1663 500 1749 perfectus
521 1661 775 1749 praesidiumque
796 1663 836 1729 ab
861 1662 1002 1730 Caesare
1021 1664 1074 1730 reli

155 1756 274 1843 primos
286 1755 473 1822 Eburonum
488 1757 568 1823 fines
585 1757 716 1834 adeunt;
733 1756 848 1822 multos
865 1779 908 1823 ex
922 1757 1004 1845 fuga
1019 1759 1074 1843 disp

157 1849 329 1936 excipiunt,
348 1872 463 1937 magno
480 1850 601 1937 pecoris
619 1872 764 1928 numero,
786 1851 875 1917 ouius
894 1861 970 1917 sunt
985 1852 1074 1938 cupid

156 1942 294 2022 barbari,
328 1944 497 2030 potiuntur.
540 1944 662 2011 invitati
690 1944 808 2031 praeda
835 1944 963 2033 longius
998 1967 1074 2033 prou

156 2060 220 2104 non
244 2038 303 2104 hos
328 2037 420 2124 palus
445 2038 581 2106 inbelle
602 2039 834 2124 latrociniisque
855 2049 963 2118 natos,
992 2063 1053 2107 non

156 2140 323 2199 morantur.
368 2131 481 2217 quibus
498 2133 532 2199 in
547 2133 625 2199 locis
648 2133 689 2199 sit
707 2132 840 2213 Caesar,
866 2156 907 2200 ex
928 2135 1059 2221 captivis

155 2235 241 2306 runt3
266 2225 443 2313 profectum
467 2226 591 2314 longius
612 2227 770 2314 reperiunt
795 2250 983 2313 omnemque
1009 2250 1074 2294 exer

157 2322 341 2390 discessisse
368 2332 571 2409 cognoscunt.
620 2332 714 2406 atque
739 2345 822 2388 unus
848 2344 888 2388 ex
913 2323 1059 2410 captivis,

156 2415 233 2496 vos,'
249 2417 359 2502 inquit,
379 2417 473 2484 ‘hanc
490 2417 638 2483 miseram
654 2439 691 2482 ao
704 2426 830 2482 tenuem
844 2419 1008 2484 sectamini
1019 2441 1074 2505 pra

156 2509 271 2595 quibus
287 2511 361 2578 licet
377 2511 440 2577 iam
458 2532 528 2578 esse
545 2508 819 2577 fortunatissimis?
848 2511 949 2578 tribus
967 2512 1052 2578 horis
1068 2562 1074 2576 .

157 2613 261 2670 tucam
277 2606 383 2672 venire
399 2606 545 2692 potestis:
567 2606 630 2672 huc
645 2627 755 2673 omnes
774 2629 847 2672 suas
864 2606 1009 2674 fortunas
1027 2630 1074 2674 exe

156 2696 370 2766 Romanorum
387 2699 532 2766 contulitr
558 2701 708 2787 praesidii
728 2710 849 2767 tantum
871 2711 933 2780 est,
960 2712 996 2767 ut
1013 2725 1074 2768 ner

157 2791 283 2875 quidem
300 2792 385 2880 cingi
402 2794 517 2880 possit,
539 2816 641 2879 neque
658 2796 826 2880 quisquam
847 2796 956 2883 egredi
974 2806 1064 2862 extra

156 2883 258 2950 tiones
271 2885 403 2953 audeat'
428 2887 533 2954 oblata
550 2909 607 2974 spe
621 2885 771 2955 Germani
780 2910 875 2972 quam
888 2891 973 2955 nacti
991 2899 1074 2957 erant

157 2978 231 3045 dam
255 2979 290 3045 in
310 2980 431 3046 occulto
452 2981 644 3065 relinquunt,
670 2982 733 3068 ipsi
753 2983 957 3049 Aduatucam
979 2995 1074 3051 conte:

107 3089 140 3141 se
157 3071 207 3138 usi
224 3073 335 3140 eodem
352 3075 441 3153 duce,
459 3074 548 3141 errius
566 3074 644 3140 haec
660 3074 776 3141 indicio
793 3088 1018 3163 cognoverant.
1059 3077 1074 3145 (

158 3167 212 3251 qui
228 3189 285 3253 per
302 3189 410 3236 omnes
429 3168 604 3255 superiores
622 3169 689 3236 dies
706 3172 882 3257 praeceptis
897 3170 1074 3240 Caesaries

158 3261 319 3348 diligentia
334 3263 448 3330 milites
465 3264 499 3328 in
516 3263 625 3329 castris
639 3264 841 3331 continuisset
854 3287 892 3330 ac
904 3288 945 3331 ne
958 3267 1074 3334 calone]

158 3356 231 3423 dem
255 3378 446 3442 quemquam
471 3366 560 3423 extra
584 3358 789 3424 munitionem
814 3359 922 3445 egredi
947 3383 1065 3446 passus

159 3449 291 3534 septimo
309 3452 359 3518 die
376 3451 522 3519 diffidens
540 3451 580 3518 de
600 3473 731 3518 numero
753 3452 875 3519 dierum
893 3452 1066 3522 Caesarem

159 3552 367 3623 servaturum,
389 3546 474 3630 quod
490 3545 615 3632 longius
633 3567 705 3612 eum
721 3568 926 3633 progressum
943 3549 1074 3615 audieba

158 3657 220 3721 que
240 3636 305 3704 ulla
330 3639 370 3704 de
395 3640 498 3707 reditu
522 3641 590 3707 eius
615 3638 702 3707 fama
727 3639 930 3719 afferebatur,
957 3641 1054 3708 simul

156 3739 317 3818 permotus
338 3732 483 3813 vocibus,
512 3734 566 3819 qui
586 3733 670 3800 illius
690 3733 873 3819 patientiam
898 3755 1000 3819 paene
1027 3737 1074 3803 obt

157 3847 236 3898 nem,
251 3824 463 3913 appellabant,
486 3827 639 3913 siquidem
660 3849 701 3894 ex
722 3829 831 3895 castris
853 3829 962 3915 egredi
984 3831 1074 3897 noni

154 3919 279 3987 nubum
294 3920 451 3991 ¹eiusmodi
467 3942 576 3988 casum
593 3932 792 4009 exspectans,
815 3944 878 4006 quo
895 3944 1013 3989 novem
1031 3947 1074 4011 op

142 4011 330 4102 legionibus
349 4015 555 4104 maximoque
572 4016 717 4103 equitatu
730 4016 880 4101 disperdis
898 4037 1074 4099 capusum
