2414 4336
406 193 756 282 commvnia-es.
1030 213 1091 279 173

75 343 262 417 tobilitatem
274 347 410 416 habebat
423 349 571 434 solusque
585 371 625 415 ex
633 349 777 414 Haeduis
791 344 832 414 ed
844 344 877 413 'ul
890 315 1013 435 tempus
1022 372 1092 436 per·

75 452 225 509 camerac
241 443 275 509 in
292 443 396 510 armis.
423 465 461 510 ea
473 465 507 508 re
520 444 646 530 cognita
660 441 788 522 Caesar,
807 464 879 509 cum
895 443 929 508 in
946 443 1091 510 omnibus
1108 467 1141 517 aa

75 537 207 604 artibus
227 535 350 604 Galliae
367 538 448 605 bene
469 561 520 604 res
538 540 606 626 geri
627 539 746 603 videret
771 537 982 623 iudicaretque
1001 559 1093 625 supe-

75 620 201 698 loribus
232 633 359 699 aestivis
392 630 528 699 Galliam
562 632 718 699 deuotam
753 631 975 717 subactamque
1011 654 1092 712 esse,

75 713 274 810 iquitaniam
290 749 461 813 numquam
475 727 601 806 adisset,
619 748 676 814 per
688 724 838 791 Publium
851 723 1003 792 Crassum
1016 748 1093 812 qua-

75 811 142 886 lam
161 843 201 886 ex
222 831 311 908 parte
333 821 513 901 devicisset,
541 843 613 886 cum
631 819 753 910 duabus
776 818 952 908 legionibus
973 821 1094 887 ineam

75 924 189 982 tamem
204 912 326 982 Galliae
340 925 388 983 est
403 915 573 1002 profectus,
592 925 627 981 ut
639 915 684 982 ibi
696 925 871 982 extremum
883 925 1006 1003 tempus
1020 938 1095 983 con-

75 1020 208 1078 smeret
224 1013 423 1079 aestivorum.
466 1034 561 1096 quam
577 1033 645 1078 rem
662 1011 754 1077 sicuti
772 1019 875 1077 cetera
892 1010 1031 1076 celeriter
1047 1009 1095 1076 fe-

75 1099 231 1191 ieiterque
253 1106 396 1173 confecit.
440 1128 576 1192 namque
603 1128 711 1171 omnes
735 1104 925 1190 Aquitaniae
950 1105 1093 1171 civitates

75 1209 190 1286 egatos
216 1201 257 1266 ad
285 1199 455 1266 Caesarem
480 1201 630 1267 miserunt
657 1199 846 1283 obsidesque
872 1200 902 1264 ei
932 1199 1093 1264 dederunt.

75 1294 184 1376 {nibus
201 1294 296 1361 rebus
314 1296 412 1383 gestis
425 1296 494 1380 ipse
507 1295 647 1379 equitum
660 1293 816 1380 praesidio
829 1292 1009 1359 Narbonem
1021 1315 1094 1380 pro-

75 1383 171 1454 tectus
190 1398 248 1467 est,
267 1389 437 1454 exercitum
450 1411 507 1475 per
518 1389 640 1476 legatos
653 1388 686 1454 in
698 1387 829 1454 hiberna
842 1388 985 1453 deduxit:
1004 1396 1095 1472 quat-

75 1485 141 1548 tuor
156 1482 296 1570 legiones
317 1483 351 1548 in
368 1483 480 1571 Belgio
503 1484 665 1549 collocavit
687 1504 759 1547 cum
775 1481 823 1546 Μ.
841 1481 983 1548 Antonio
1005 1492 1037 1548 et
1055 1481 1094 1549 C.

75 1568 228 1643 Trebonio
246 1586 276 1642 et
293 1577 331 1642 P.
350 1576 477 1644 Vatinio
494 1579 616 1665 legatis,
636 1577 714 1642 duas
732 1577 872 1664 legiones
889 1578 923 1641 in
940 1576 1094 1643 Haeduos

78 1665 213 1750 deduxit,
237 1693 370 1756 quorum
387 1672 420 1738 in
438 1673 522 1738 omni
541 1669 646 1738 Gallia
663 1694 819 1737 summam
841 1693 912 1738 esse
929 1672 1095 1738 auctorita-

83 1765 139 1830 lem'
154 1764 288 1845 sciebat,
316 1767 393 1832 duas
416 1767 449 1832 in
467 1767 602 1833 Turonis
625 1766 760 1833 adfines
780 1765 956 1833 Carnutum
976 1766 1092 1852 posuit,

84 1871 150 1936 tuae
168 1882 293 1925 omnem
310 1861 396 1926 illam
413 1862 573 1949 regionem
591 1862 788 1927 coniunctam
807 1858 937 1928 Oceano
956 1863 1094 1927 contine·

77 1963 151 2034 rent,
181 1954 260 2020 duas
282 1954 416 2041 reliquas
439 1957 472 2021 in
488 1957 697 2022 Lemovicum
717 1955 832 2022 finibus
855 1978 919 2022 non
939 1955 1033 2042 longe
1055 1955 1095 2022 ab

75 2035 237 2128 Arvernis,
264 2071 303 2114 ne
326 2071 388 2134 qua
409 2072 482 2136 pars
507 2046 629 2115 Galliae
655 2071 755 2114 vacua
777 2049 817 2113 ab
841 2050 980 2114 exercitu
1002 2058 1094 2114 esset.

75 2153 187 2210 ²{aurcos
203 2143 269 2210 dies
282 2145 350 2230 ipse
363 2146 396 2210 in
408 2146 569 2230 provincia
581 2153 729 2221 moratus,
749 2164 821 2207 cum
834 2143 974 2209 celeriter
987 2165 1095 2210 omnes

75 2247 243 2304 'onventus
256 2241 509 2325 percucurrisset,
523 2238 666 2326 publicas
680 2239 904 2304 controversias
919 2247 1094 2326 cognosset,

75 2332 285 2401 ene-mefitis
303 2335 442 2419 praemia
463 2333 623 2399 tribuisset
644 2332 869 2419 (cognoscendi
891 2334 975 2398 enim
996 2333 1096 2398 maxi-

75 2447 155 2493 uam
172 2426 353 2492 facultatem
370 2425 519 2506 habebat,
546 2425 631 2511 quali
653 2426 786 2511 quisque
808 2426 921 2493 fuisset
942 2426 1046 2492 animo
1063 2427 1096 2492 in

75 2523 166 2588 otius
182 2517 304 2586 Galliae
322 2520 504 2600 defectione,
523 2543 619 2605 quam
637 2520 824 2586 sustinuerat
841 2520 988 2586 fidelitate
1003 2531 1096 2605 atque

75 2615 195 2682 auxiliis
213 2615 390 2701 provinciae
408 2616 519 2703 illius),
542 2615 592 2680 his
611 2614 761 2681 confectis
783 2614 878 2681 rebus
897 2616 938 2681 ad
954 2615 1095 2702 legiones

75 2734 101 2774 n
129 2708 277 2795 Belgium
309 2730 344 2774 se
373 2709 483 2796 recipit
512 2709 717 2795 hibernatque
743 2708 1004 2777 Nemetocennae.
1051 2708 1097 2775 ibi
1113 2727 1146 2776 47

75 2802 233 2890 cognoscit
252 2800 431 2868 Commium
447 2802 633 2869 Atrebatem
649 2803 767 2890 proelio
785 2827 857 2872 cum
881 2805 1021 2890 equitatu
1039 2825 1096 2870 suo

75 2895 280 2963 contendisse.
306 2919 380 2961 nam
398 2918 470 2962 oum
483 2896 641 2963 Antonius
654 2897 689 2962 in
705 2896 836 2965 hiberna
853 2899 1000 2978 venisset,
1020 2898 1096 2963 civi-

75 3002 183 3076 tasque
191 2989 379 3057 Atrebatum
392 2991 426 3055 in
439 2991 544 3057 officio
557 3000 651 3070 esset,
671 2989 844 3072 Commius,
858 2994 914 3076 qui
926 3001 998 3077 post
1011 2991 1096 3055 illam

75 3085 326 3162 vulnerationem,
345 3106 440 3168 quam
457 3106 553 3170 supra
570 3086 820 3165 commemoravi,
840 3106 963 3170 semper
976 3084 1016 3149 ad
1030 3105 1097 3148 om-

75 3201 126 3245 nes
141 3187 246 3244 motus
263 3187 390 3264 paratus
405 3178 470 3244 suis
484 3178 605 3245 civibus
619 3201 690 3246 esse
702 3187 894 3257 consuesset,
913 3199 953 3244 ne
967 3177 1096 3244 consilia

75 3272 147 3339 belli
160 3272 381 3356 quaerentibus
395 3281 503 3338 auctor
515 3296 671 3340 armorum
684 3273 811 3358 duxque
820 3273 953 3351 deesset,
968 3281 1096 3359 parente

78 3365 226 3436 Romanis
244 3367 369 3433 civitate
386 3389 458 3434 cum
476 3368 541 3435 suis
555 3367 711 3453 equitibus
724 3366 892 3433 latrociniis
912 3389 946 3433 se
961 3388 1098 3453 suosque

75 3462 177 3529 alebat
203 3460 388 3545 infestisque
414 3461 575 3528 itineribus
602 3469 793 3527 commeatus
823 3460 1012 3548 complures,
1043 3463 1097 3546 qui

76 3553 347 3641 comportabantur
359 3555 393 3619 in
406 3554 535 3621 hiberna
543 3554 766 3636 Romanorum,
780 3554 1003 3642 intercipiebat
1032 3565 1097 3620 erat
1114 3573 1146 3624 48

75 3649 240 3718 attributus
259 3648 399 3715 Antonio
416 3649 592 3736 praefectus
610 3648 749 3735 equitum
764 3648 802 3716 C.
816 3648 995 3715 Volusenus
1010 3647 1098 3732 Qua·

75 3746 192 3822 iratus,
212 3745 265 3829 qui
284 3766 356 3810 oum
373 3741 410 3810 eo
428 3744 612 3811 hibernaret
656 3744 741 3810 bunc
757 3743 916 3810 Antonius
935 3744 975 3809 ad
992 3765 1098 3830 perse-

75 3839 235 3928 quendum
257 3839 430 3924 equitatum
450 3838 588 3905 hostium
608 3839 711 3904 mittit.
759 3837 939 3906 Volusenus
961 3837 1002 3903 ad
1027 3859 1097 3904 eam

75 3936 231 4012 uirtutem,
250 3954 331 4018 quae
349 3933 515 4021 singularis
529 3935 700 4014 eratineo,
719 3956 868 4022 magnum
881 3932 988 3998 odium
1002 3931 1100 4000 Com·

75 4029 129 4098 mii
142 4026 342 4114 adiungebat,
361 4051 423 4114 quo
436 4027 582 4096 libentius
594 4028 628 4096 id
640 4028 766 4109 faceret,
780 4026 865 4114 quod
877 4025 1099 4114 imperabatur·
