2414 4336
363 243 723 329 'comumnes-ct,
1013 244 1054 312 69

10 376 249 454 hicessendum
271 395 302 452 et
319 386 360 452 ad
378 387 635 453 committendum
651 385 805 474 proelium
828 385 963 452 alienum
985 407 1057 453 esse

10 485 156 570 tempus
174 480 341 548 arbitratus
364 504 423 547 suo
444 503 479 548 se
500 481 570 548 loco
588 481 741 547 continuit
758 490 789 546 et
805 480 894 547 brevi
916 491 1055 568 tempore

10 570 208 644 intermisso
230 576 264 641 in
285 586 387 643 castra
407 576 548 664 legiones
569 577 703 642 reduxit
748 576 823 642 dum
846 576 924 643 haec
941 600 1056 665 gerun-

10 673 94 752 tur,
117 671 235 738 nostris
253 671 398 737 omnibus
417 671 577 758 occupatis
599 673 654 755 qui
676 687 763 736 erant
784 671 818 735 in
839 673 923 759 agris
945 672 1057 757 reliqui

10 761 252 832 discesserunt.
284 774 410 831 secutae
428 775 501 832 sunt
518 766 680 833 continuos
699 766 875 852 complures
894 767 961 832 dies
979 776 1057 832 tem-

10 870 183 947 pestates,
210 881 290 944 quae
309 869 340 926 et
356 869 480 926 nostros
497 861 531 926 in
548 861 657 927 castris
676 861 870 928 continerent
887 871 918 928 et
934 861 1057 928 hostem

10 974 48 1023 a
67 979 180 1044 pugna
200 955 409 1042 prohiberent.
453 956 577 1021 interim
599 956 724 1026 barbari
744 957 870 1023 nuntios
892 958 926 1022 in
948 978 1056 1024 omnes

10 1060 136 1139 partes
159 1050 343 1116 dimiserunt
364 1050 614 1138 paucitatemque
636 1060 814 1116 nostrorum
834 1051 968 1117 militum
990 1050 1057 1117 suis

10 1145 289 1235 praedicaverunt
306 1154 347 1223 et,
365 1153 482 1229 quante
498 1146 634 1231 praedae
651 1145 814 1211 faciendae
832 1156 925 1231 atque
941 1147 975 1211 in
987 1167 1059 1232 per-

12 1249 162 1329 petuum
179 1239 228 1304 sui
245 1239 398 1306 liberandi
414 1240 548 1308 facrdtas
566 1240 704 1318 daretur,
724 1240 752 1305 si
768 1240 928 1306 Romanos
947 1241 1057 1307 castris

22 1334 240 1422 expulissent,
263 1334 562 1401 demonstraverunt.
605 1335 655 1400 his
672 1334 767 1402 rebus
786 1335 926 1401 celeriter
943 1357 1058 1422 magna

25 1428 230 1495 multitudine
246 1429 404 1515 peditatus
423 1430 641 1515 equitatusque
660 1439 769 1496 coacta
786 1429 826 1494 ud
844 1439 947 1495 castra
963 1451 1058 1495 vene-

27 1534 114 1591 runt.
160 1522 293 1603 Caesar,
318 1524 377 1590 etsi
393 1525 491 1603 idem,
515 1525 599 1610 quod
617 1523 829 1612 superioribus
848 1524 959 1590 diebus
977 1525 1059 1590 acci-
1076 1542 1109 1592 85

27 1618 135 1697 derat,
161 1617 229 1683 fore
246 1617 386 1697 videbat,
413 1627 462 1697 ut,
485 1619 513 1684 si
530 1629 635 1684 essent
651 1619 758 1686 hostes
775 1618 873 1705 pulsi,
901 1617 1058 1684 celeritate

26 1712 205 1802 pericnlum
223 1712 407 1802 effugerent,
426 1723 531 1779 tamen
543 1723 654 1779 nactus
668 1714 788 1800 equites
802 1712 925 1778 circiter
936 1712 1056 1792 XXX,

29 1829 112 1895 quos
132 1806 297 1874 Commius
314 1807 466 1887 Atrebas,
493 1808 532 1873 de
550 1830 613 1894 quo
630 1818 702 1875 ante
720 1809 838 1875 dictum
860 1818 922 1887 est,
951 1831 1058 1874 secum

29 1911 307 1989 transportaverat,
339 1904 480 1991 legiones
507 1904 541 1968 in
567 1904 635 1970 acic
660 1927 716 1991 pro
748 1905 858 1970 castris
885 1904 1055 1970 constituit.

32 1997 201 2064 commisso
232 1998 350 2084 proelio
381 1998 498 2065 diutius
527 2008 705 2067 nostrorum
736 2000 872 2065 militum
905 2000 1057 2085 impetum

31 2089 138 2159 hostes
156 2092 238 2158 ferre
256 2116 320 2159 non
336 2103 504 2180 potuerunt
521 2117 558 2160 ac
576 2104 664 2182 terga
681 2102 847 2159 verterunt.
876 2115 956 2178 quos
970 2103 1057 2159 tanto

34 2187 133 2274 spatio
152 2188 260 2266 secuti,
280 2199 432 2272 quantum
450 2211 545 2254 cursu
558 2198 589 2254 et
605 2188 725 2255 viribus
739 2187 863 2253 efficere
880 2196 1057 2272 potuerunt,

34 2282 207 2368 complures
226 2304 266 2347 ex
279 2282 318 2346 iis
332 2284 521 2362 occiderunt,
540 2283 653 2349 deinde
666 2281 811 2348 omnibus
825 2281 921 2368 longa
933 2281 1057 2366 lateque

10 2376 181 2443 ¹aediliciis
198 2376 335 2442 incensis
354 2400 388 2443 ee
404 2379 438 2441 in
455 2389 558 2444 castra
574 2385 770 2464 receperunt.
816 2376 927 2442 eodem
944 2375 995 2442 die
1012 2375 1057 2442 le·
1075 2396 1108 2446 36

27 2471 94 2556 gati
113 2469 155 2536 ab
168 2469 313 2537 hostibus
325 2471 415 2538 missi
428 2472 469 2537 ad
483 2471 653 2538 Caesarem
667 2471 706 2536 de
722 2492 801 2557 pace
819 2479 980 2536 venerunt.
1006 2469 1057 2536 his

25 2563 154 2634 Caesar
170 2589 334 2632 numerum
352 2567 511 2646 obsidum,
534 2580 629 2654 quem
647 2576 739 2633 autea
755 2566 976 2652 imperaverat,
1000 2565 1058 2631 dn·

19 2660 160 2748 plicavit
182 2682 298 2746 eosque
319 2663 353 2726 in
374 2663 584 2729 continentem
613 2662 726 2728 adduci
747 2662 853 2739 iussit,
881 2662 966 2746 quod
986 2683 1058 2748 pro-

16 2759 151 2844 pinqua
163 2755 213 2821 die
227 2756 413 2841 aequinoctii
426 2757 556 2822 infirmis
570 2757 705 2823 navibus
718 2756 814 2822 hiemi
826 2756 1058 2843 navigationem

19 2850 248 2918 subiciendam
263 2873 327 2917 non
345 2851 553 2918 existimabat
592 2853 661 2936 ipse
678 2851 824 2917 idoneam
841 2859 1058 2937 tempestatem

16 2955 144 3013 nacttts
160 2945 255 3033 paulo
271 2956 345 3034 post
361 2947 497 3012 mediam
514 2956 638 3013 noctem
656 2968 753 3012 naves
769 2945 860 3012 solvit
865 2971 874 3026 3
893 2967 974 3031 quae
991 2967 1058 3010 om·

18 3064 87 3109 nes
112 3040 288 3107 incolumes
314 3041 355 3106 ad
381 3041 591 3108 continentem
616 3050 838 3128 pervenenmt3
870 3040 928 3106 sed
953 3062 993 3104 ex
1018 3039 1057 3102 iis

22 3135 191 3204 onerariae
209 3135 290 3202 duae
312 3136 454 3214 eosdem,
481 3158 560 3221 quos
581 3136 706 3220 reliqui,
733 3148 842 3222 portus
865 3155 977 3218 capere
994 3154 1057 3197 non

24 3239 202 3318 potuerunt
219 3239 250 3295 et
266 3230 361 3318 paulo
377 3231 460 3296 infra
477 3231 598 3296 delatae
616 3239 698 3296 sunt.

95 3323 223 3410 Quibus
242 3347 282 3390 ex
298 3325 432 3392 navibus
451 3347 524 3392 cum
542 3335 647 3392 essent
660 3324 795 3410 expositi
808 3322 921 3388 milites
936 3322 1058 3389 circiter
1075 3341 1105 3391 37

25 3419 162 3487 trecenti
179 3428 272 3504 atque
290 3420 323 3485 in
336 3429 438 3487 castra
451 3421 680 3498 contenderent,
698 3417 825 3497 Morini,
845 3439 924 3502 quos
939 3415 1058 3484 Caesar

26 3516 62 3582 in
80 3515 280 3581 Britanniam
296 3517 496 3603 proficiscens
514 3525 641 3603 pacatos
659 3515 835 3599 reliquerat,
854 3536 911 3601 spe
923 3514 1057 3600 praedae

28 3611 161 3678 adducti
177 3612 279 3698 primo
296 3613 420 3678 nonita
441 3633 556 3698 magno
579 3632 707 3676 suorum
724 3632 854 3675 numero
877 3609 1058 3675 circumste-

31 3715 137 3772 terunt
155 3727 202 3785 ac,
222 3708 249 3772 si
266 3728 336 3772 sese
353 3705 484 3771 interfici
501 3705 632 3784 nollent,
652 3726 738 3770 arma
754 3726 871 3790 ponere
889 3705 1056 3769 iusserunt.

31 3823 106 3868 cum
122 3799 170 3866 illi
186 3799 262 3866 orbe
283 3800 367 3867 facto
390 3823 460 3867 sese
482 3799 698 3878 defenderent,
724 3799 864 3865 celeriter
885 3798 926 3863 ad
943 3798 1059 3864 clamo·

30 3919 99 3963 rem
116 3895 281 3962 hominum
298 3896 418 3963 circiter
434 3896 519 3962 milia
537 3918 594 3962 sex
611 3903 830 3962 convenemnt.
858 3916 920 3979 qua
931 3915 966 3960 re
978 3916 1058 3960 nun·

31 3993 110 4058 tiata
119 3989 241 4058 Caesar
252 4013 376 4058 omnem
390 4014 430 4058 ex
443 3992 554 4059 castris
568 3991 744 4080 equitatum
756 3990 824 4058 stirs
836 3989 956 4056 anatho
964 3990 1068 4053 misit.

21 4085 147 4150 interim
162 4087 265 4151 nosci
278 4087 397 4157 milites
411 4090 572 4180 impetum
587 4091 737 4164 bostium
753 4088 984 4159 sustinuerunt
992 4091 1095 4167 atum
