2414 4336
303 250 420 310 cona.
435 252 504 320 ‚vn
522 251 643 310 1s-aa
898 272 901 278 Δ
924 238 986 333 123

10 377 203 457 ιιιιιιιίιιιιο,
226 377 282 463 qui
298 400 333 444 se
349 378 419 464 ipsc
436 386 472 445 ut
489 378 662 444 munitione
679 377 875 446 defenderet:
898 379 986 464 equi·

10 495 123 540 :vero
152 495 282 560 operam
305 495 406 558 neque
432 473 466 538 in
490 472 563 540 loeo
582 473 715 560 palustri
737 473 906 541 desiderari
932 474 986 541 de-

10 589 56 634 rso
81 577 116 634 et
138 567 202 633 illic
219 567 318 633 fuisse
336 566 460 647 utilem,
486 589 549 652 quo
572 568 634 635 sint
655 568 801 655 profecti:
830 592 987 635 summam

10 663 76 737 [arii
94 685 133 728 se
147 662 289 728 consulto
301 661 379 728 nulli
392 662 604 728 discedentem
617 663 792 743 tradidisse,
811 686 851 729 ne
865 664 893 731 is
906 662 987 729 mul-

10 756 96 823 dinis
117 757 222 823 studio
239 758 281 823 nd
297 756 509 823 dimicandum
532 757 757 844 impelleretur,
780 757 831 824 cui
852 759 899 824 rei
915 780 987 846 pro·

10 872 21 917 ι
37 851 141 917 animi
158 850 320 916 mollitiem
338 851 463 917 studere
481 873 591 918 omnes
610 852 742 933 videret,
765 853 850 938 quod
868 853 985 919 diutius

10 962 97 1013 crem
113 945 196 1012 ferre
214 968 278 1011 non
294 955 432 1033 possent
459 945 640 1012 Romani
614 969 642 1012 ιι
659 970 736 1014 casu
753 948 985 1028 intervenerint,

10 1040 120 1133 panae,
147 1040 175 1106 si
196 1040 327 1106 alicuius
350 1040 465 1105 indicio
481 1041 599 1120 vocati,
626 1041 699 1107 huic
721 1041 899 1108 habendam
915 1065 988 1131 gra·

10 1143 45 1241 pl,
61 1135 151 1220 quod
166 1144 198 1201 et
214 1135 404 1222 paucitatem
421 1157 531 1202 eorum
548 1157 588 1202 ex
604 1135 675 1202 loco
694 1137 853 1224 superiore
871 1159 987 1226 cogno-

50 1276 62 1309 ,
89 1238 122 1295 ct
137 1229 285 1295 virtutem
301 1228 462 1316 despicere
483 1229 655 1316 potuerint,
682 1230 737 1313 qui
759 1230 907 1297 dimicare
923 1255 987 1299 non

56 1325 190 1412 tmpiter
207 1346 241 1390 se
253 1324 287 1389 in
300 1334 403 1391 castra
414 1324 596 1411 receperint.
624 1324 789 1411 imperium
803 1348 838 1392 se
851 1325 891 1392 ab
906 1324 987 1392 Cae-

28 1440 104 1526 ‘per
118 1418 327 1505 proditionem
344 1418 466 1484 nullum
483 1419 676 1498 desiderare,
699 1420 787 1503 quod
806 1419 970 1485 habere
940 1443 988 1485 vr-
1022 1410 1025 1417 ⁴

76 1523 202 1600 posset,
229 1535 309 1597 quae
331 1513 395 1578 iam
418 1521 502 1578 esset
524 1511 585 1578 sibi
602 1521 696 1597 atque
719 1512 865 1579 omnibus
884 1510 986 1582 Gallis

32 1617 135 1674 orata:
159 1607 235 1691 quin
252 1607 347 1674 etiam
363 1607 441 1693 ipsis
458 1607 627 1687 remittere,
645 1630 673 1673 ιι
662 1607 751 1674 sibi
768 1608 870 1697 magis
888 1606 987 1675 hono-

46 1701 202 1781 tn'huere,
234 1724 328 1787 quam
355 1701 396 1767 ab
419 1724 457 1772 ¹se
484 1701 617 1768 salutem
644 1702 786 1790 accipere
812 1703 1033 1791 videatur„

10 1802 46 1864 hc
68 1805 108 1862 ut
129 1795 343 1884 intellegatis‚'
368 1796 483 1880 inquit,
513 1801 548 1862 ‘a
568 1819 620 1862 me
642 1796 762 1864 sincere
782 1797 985 1886 pronuntiari,

10 1883 58 1960 lte
76 1892 242 1959 Romanos
260 1890 394 1958 milites'
437 1891 581 1978 producit
599 1913 723 1973 servos,
740 1914 820 1978 quos
836 1893 871 1958 in
887 1892 988 1980 pabu-

10 2006 70 2054 one
88 1986 201 2072 paucis
219 1994 291 2051 ante
313 1984 424 2052 diebus
447 1995 613 2073 exceperat
635 1995 667 2054 et
688 1987 773 2053 fame
791 1987 986 2072 vinculisque

10 2081 202 2150 ruciaverat
244 2079 278 2144 hi
298 2079 362 2145 iam
383 2088 457 2147 ante
480 2080 597 2160 edocti,
619 2101 700 2166 quae
716 2081 898 2169 interrogati
914 2103 987 2169 pro-

10 2177 151 2252 tiarent,
177 2173 292 2240 milites
319 2195 353 2241 se
380 2195 451 2241 esse
476 2173 664 2262 legionarios
691 2174 811 2252 dicunt3
843 2174 986 2240 lamet
955 2186 986 2241 et

10 2271 58 2358 ria
84 2269 239 2336 adductos
260 2269 341 2336 clam
359 2291 399 2336 ex
417 2270 527 2337 castris
549 2269 667 2348 exisse,
696 2269 724 2335 si
745 2269 821 2354 quid
838 2269 986 2336 frumenti

15 2365 165 2476 pecoris·
170 2365 203 2429 in
220 2365 310 2474 agris·
321 2364 467 2451 reperire
475 2371 621 2451 possent.
592 2363 737 2429 t·simili
755 2385 880 2430 omnem
897 2385 985 2430 exer·

10 2485 49 2528 m
78 2459 187 2546 inopia
211 2459 327 2570 premi,
354 2481 413 2525 nec
438 2460 501 2525 iam
523 2459 606 2525 vires
634 2458 779 2526 sufficere
801 2459 986 2570 cuiusquam

24 2556 118 2623 ferre
136 2555 237 2641 operis
259 2553 399 2621 laborem
419 2577 528 2641 posse·
555 2556 661 2640 itaque
684 2555 831 2620 statuisse
852 2555 986 2641 impera·

10 2663 66 2729 un,
86 2672 116 2716 sl
105 2648 236 2714 nihil
226 2672 260 2713 m
277 2651 509 2736 oppugnatione
528 2649 635 2735 oppidi
647 2649 864 2736 profecissent,
842 2649 986 2715 ttn'duo

10 2745 131 2811 reitum
148 2743 311 2810 deducere.
338 2743 449 2822 ‘haec'
466 2743 576 2827 inquit,
597 2750 630 2809 ‘a
646 2744 718 2823 me,'
734 2742 985 2832 Vercingetorix,

10 2836 126 2904 neficia
151 2837 288 2918 habetis,
324 2859 418 2923 quem
443 2837 628 2923 proditionis
658 2838 860 2918 insimulatis,
897 2838 986 2905 cuius

10 2956 52 2998 na
79 2931 149 2997 sine
174 2941 279 2999 vestro
306 2933 459 3019 sanguine
486 2942 608 2997 tantum
640 2934 812 3000 exercitum
836 2935 987 3000 victorem

10 3047 42 3092 re
59 3036 281 3114 consumptum
298 3026 428 3104 videtis;
443 3047 539 3110 quem
556 3025 687 3112 turpiter
705 3049 739 3093 se
757 3049 799 3092 ex
814 3027 892 3113 suga
908 3027 987 3092 reci-

10 3128 97 3186 ntem
113 3141 156 3186 ne
166 3142 229 3206 qua
242 3121 351 3188 civitas
366 3120 431 3187 suis
445 3119 562 3186 finibus
573 3120 711 3207 recipiat,
731 3142 813 3185 ame
825 3120 986 3206 provisum

10 3213 27 3279 ἰ
69 3213 244 3280 conclamat
261 3215 363 3282 omnis
381 3213 548 3280 multitudo
566 3224 598 3280 et
615 3237 673 3282 suo
690 3236 777 3281 more
799 3214 893 3278 armis
912 3233 1034 3285 con-21

10 3316 75 3394 pat,
94 3309 179 3392 quod
195 3309 300 3375 facere
317 3309 351 3373 in
369 3331 407 3375 eo
425 3318 624 3387 consuerunt,
644 3309 733 3374 cuius
747 3307 918 3373 orationem
931 3330 987 3395 ap-

10 3399 107 3481 ›bant3
134 3424 294 3468 summum
311 3424 381 3468 esse
398 3401 690 3489 Vercingetorigem
712 3401 839 3479 ducem,
867 3424 926 3469 neo
946 3402 986 3469 de

10 3495 106 3562 uflde
124 3496 345 3576 dubitandum,
373 3519 431 3563 nec
448 3498 565 3563 maiore
581 3497 702 3563 ratione
719 3495 837 3562 bellum
855 3496 986 3562 admini-

10 3591 50 3655 ιιι
65 3613 173 3678 posse.
217 3601 373 3672 statuunt,
398 3603 434 3658 ut
451 3592 560 3658 decem
577 3591 663 3657 milia
680 3591 844 3658 hominum
866 3591 987 3658 delecta

20 3685 162 3751 omnibus
180 3686 278 3774 copiis
296 3687 330 3757 in
348 3687 498 3775 oppidum
517 3685 695 3766 mittantur,
721 3708 780 3752 nec
803 3686 878 3753 solis
896 3685 987 3750 Bitu-

10 3778 81 3860 ‚lhus
97 3803 298 3849 communem
315 3782 449 3850 salutem
466 3782 721 3848 committendam
738 3791 881 3861 censent,
902 3779 987 3865 quod

10 3893 57 3944 urs
74 3878 110 3943 in
127 3900 183 3959 eo,
204 3879 232 3944 si
247 3880 282 3944 id
299 3880 450 3965 oppidum
467 3879 683 3958 retinuissent,
710 3901 867 3946 summam
888 3876 987 3943 victo-

10 3983 186 4039 cconstare
200 3972 435 4062 intellegebant.
481 3973 635 4064 singulari
653 3973 792 4051 militum
808 3981 994 4039 nostrorum
1004 3988 1043 4037 aa

10 4066 59 4130 uti
72 4066 203 4134 consilia
220 4069 469 4158 cuiusquemodi
484 4068 660 4144 Gallorum
669 4068 1019 4149 neocaesarienses
