2414 4336
164 219 227 286 160
479 232 532 289 DE
549 231 675 289 BELLO
695 229 863 289 GALLICO

161 354 298 424 tionibus
323 356 427 424 claudi
447 357 509 423 nisi
530 381 550 423 a
571 357 686 423 maiore
709 356 847 422 exercitu
867 377 977 443 posse,
1003 356 1119 422 litteras
1137 355 1170 421 ad

162 451 353 519 Trebonium
379 451 486 530 mittit,
517 462 673 536 utquam
704 451 862 518 celerrime
893 459 1002 537 posset
1028 450 1172 539 legionem

160 545 264 625 XIII,
286 568 368 633 quas
389 568 461 612 cum
479 545 517 611 Τ.
538 543 649 613 Sextio
669 546 775 633 legato
796 546 831 612 in
845 544 1045 633 Biturigibus
1065 545 1173 612 hiema-

160 638 226 720 bat,
253 650 424 708 arcesseret
445 651 538 727 atque
562 642 607 706 ita
632 662 705 706 cum
731 638 829 706 tribus
854 639 1034 728 legionibus
1061 641 1172 728 magnis

159 735 321 803 itineribus
339 737 380 802 ad
398 758 432 802 se
450 736 581 815 veniret3
608 735 677 822 ipse
700 735 819 821 equites
835 735 870 799 in
890 735 993 800 vicem
1011 734 1174 802 Remorum

160 854 197 898 ac
213 833 396 920 Lingonum
412 832 663 917 reliquarumque
681 832 856 909 civitatum,
880 851 1016 916 quorum
1033 851 1172 918 magnum

158 948 324 992 numerum
341 934 538 1004 evocaverat,
557 926 713 1012 praesidio
730 923 984 1012 pabulationibus
1002 925 1110 1004 mittit,
1127 925 1173 1009 qui
1204 923 1207 1010 l

110 1036 142 1086 12
160 1019 280 1086 subitas
297 1019 435 1086 hostium
451 1020 644 1087 incursiones
668 1020 865 1086 sustinerent
909 1019 1092 1103 quodcum
1108 1019 1172 1086 coti-
1204 986 1207 1073 l

160 1115 210 1182 die
222 1115 319 1194 lieret,
338 1137 376 1181 ao
388 1115 451 1180 iam
464 1115 688 1181 consuetudine
706 1113 866 1200 diligentia
878 1113 1081 1192 minueretur,
1100 1115 1171 1199 quod
1205 1110 1207 1164 l

158 1210 340 1297 plerumque
368 1209 481 1276 accidit
507 1208 721 1287 diuturnitate,
753 1206 914 1274 Bellovaci
940 1207 1063 1274 delecta
1088 1231 1170 1274 mauu

158 1304 299 1392 peditum
325 1305 458 1392 cognitis
490 1304 675 1370 stationibus
706 1302 867 1368 cotidianis
894 1303 1038 1387 equitum
1062 1314 1171 1369 nostro

158 1421 228 1463 rum
246 1398 439 1465 silvestribus
458 1398 535 1464 locis
548 1398 678 1464 insidias
693 1397 861 1484 disponunt
873 1397 1049 1482 eodemque
1062 1398 1169 1482 equites

157 1502 282 1580 postero
299 1495 350 1560 die
367 1494 506 1571 mittunt,
525 1493 579 1578 qui
596 1493 731 1579 primum
748 1492 895 1559 elicerent
910 1500 1051 1571 nostros,
1071 1493 1170 1558 deinde

158 1587 383 1655 circumventos
402 1587 654 1676 aggrederentur.
699 1588 787 1653 ouius
809 1587 884 1652 mali
901 1608 969 1653 sors
992 1586 1104 1653 incidit
1118 1586 1170 1653 Re·

157 1682 227 1760 mis,
246 1682 359 1767 quibus
377 1682 429 1749 ifle
443 1683 510 1748 dies
523 1682 675 1769 fungendi
688 1682 824 1747 muneris
838 1681 1018 1748 obvenerat
1044 1705 1170 1767 namque

156 1775 203 1854 hi,
226 1797 298 1841 oum
315 1785 441 1862 repente
459 1777 597 1842 hostium
615 1777 734 1861 equites
757 1775 1052 1842 animadvertissent
1070 1799 1107 1842 ac
1122 1798 1170 1841 nu-

157 1892 243 1937 mero
265 1871 439 1958 superiores
461 1872 651 1958 paucitatem
668 1870 941 1958 contempsissent,
965 1871 1111 1957 cupidius
1131 1871 1170 1936 in·

158 1966 256 2031 secuti
271 1964 427 2052 peditibus
445 1967 583 2052 undique
602 1975 675 2033 sunt
692 1965 881 2031 circumdati.
926 1986 990 2049 quo
1007 1965 1094 2031 facto
1109 1987 1171 2052 per·

156 2058 272 2126 turbati
293 2061 437 2142 celerius,
464 2084 559 2148 quam
586 2061 778 2128 consuetudo
799 2059 861 2125 fert
882 2061 1036 2144 equestris
1059 2059 1169 2147 proelii

157 2179 192 2223 se
217 2166 400 2243 receperunt
421 2158 538 2223 amisso
559 2155 718 2234 Vertisoo,
744 2155 884 2241 principe
911 2154 1061 2234 civitatis,
1090 2176 1171 2241 prae·

157 2250 240 2316 fecto
258 2250 410 2336 equitum3
437 2252 491 2335 qui
513 2273 585 2316 cum
601 2250 656 2315 vix
673 2271 753 2335 equo
769 2258 897 2336 propter
916 2256 1053 2314 aetatem
1070 2256 1169 2336 posset

156 2343 217 2421 uti,
244 2353 349 2410 tamen
366 2344 590 2410 consuetudine
610 2341 773 2410 Gallorum
794 2363 895 2427 neque
917 2341 1028 2406 aetatis
1048 2363 1169 2408 excusa·

156 2437 239 2503 tione
257 2438 290 2502 in
307 2438 506 2524 suscipienda
521 2437 717 2523 praefectura
738 2457 816 2502 usus
834 2444 900 2501 erat
916 2455 1019 2520 neque
1038 2433 1169 2501 dimicari

157 2530 224 2596 sine
242 2552 276 2596 se
293 2530 442 2596 voluerat.
477 2531 625 2597 inflantur
642 2540 735 2614 atquc
751 2530 919 2595 incitantur
930 2528 1073 2595 hostium
1085 2527 1169 2595 animi

157 2624 294 2691 secundo
306 2625 433 2711 proelio,
452 2625 591 2712 principe
605 2635 636 2689 et
647 2623 806 2711 praefecto
818 2623 990 2691 Remorum
1002 2624 1169 2700 interfecto,

155 2719 314 2804 nostrique
345 2719 529 2785 detrimento
559 2721 766 2785 admonentur
799 2718 978 2806 diligentius
1009 2717 1169 2805 exploratis

155 2810 233 2877 loeis
252 2813 400 2880 stationes
418 2814 583 2900 disponere
605 2835 642 2879 ac
664 2813 853 2880 moderatius
876 2812 1040 2878 cedentem
1057 2809 1170 2896 insequi

106 2925 138 2975 13
156 2904 289 2973 hostem.
333 2929 396 2973 non
426 2907 634 2974 intermittunt
664 2907 787 2973 interim
816 2907 973 2973 cotidiana
1001 2906 1171 2993 proeliain

156 3011 326 3089 conspectu
342 3011 543 3087 utrorumque
562 3011 742 3079 castrorum,
762 3021 842 3086 quae
859 3000 900 3067 ad
916 3000 999 3066 vada
1015 3000 1173 3067 transitus·

156 3120 217 3183 que
234 3097 351 3165 fiebant
367 3097 500 3186 paludis.
536 3119 599 3182 qua
616 3095 812 3163 contentione
831 3091 990 3174 Germani,
1008 3117 1090 3179 quos
1107 3115 1174 3181 pro·

155 3202 263 3279 pterea
280 3192 399 3260 Caesar
416 3193 595 3258 traduxerat
606 3191 763 3269 Rhenum,
782 3199 817 3256 ut
830 3189 986 3275 equitibus
1004 3188 1175 3276 interpositi

52 3361 55 3368 ,
155 3288 391 3373 proeliarentur,
419 3309 491 3354 cum
508 3286 701 3353 constantius
723 3285 862 3351 universi
883 3283 1033 3369 paludem
1051 3284 1175 3350 transis·

157 3391 226 3447 sent
251 3383 422 3469 paucisque
447 3382 663 3450 resistentibus
693 3379 863 3447 interfectis
892 3378 1084 3467 pertinacius
1110 3379 1176 3446 reli·

155 3498 251 3561 quam
272 3477 501 3545 multitudinem
522 3487 628 3544 essent
649 3475 796 3555 insecuti,
823 3473 978 3562 perterriti
994 3497 1060 3540 non
1078 3473 1176 3541 solum

155 3572 192 3651 ii,
219 3570 274 3657 qui
290 3581 345 3639 aut
362 3574 535 3640 comminus
553 3571 806 3659 opprimebantur
823 3579 878 3637 aut
895 3568 1017 3636 eminus
1035 3569 1177 3636 vulnera·

156 3665 279 3746 bantur,
298 3667 354 3733 sed
371 3668 479 3748 etiam,
497 3668 552 3753 qui
568 3667 692 3754 longius
711 3664 879 3733 subsidiari
895 3675 1097 3745 consuerant,
1118 3675 1178 3730 tur·

155 3761 237 3848 piter
262 3759 446 3849 refugerunt
469 3784 528 3828 nec
552 3761 639 3848 prius
666 3759 762 3826 finem
787 3759 884 3847 fugae
910 3757 1053 3824 fecerunt
1085 3779 1178 3845 saepe

156 3854 281 3922 amissis
299 3854 511 3941 superioribus
528 3856 620 3935 locis,
639 3878 735 3940 quarn
753 3876 788 3922 se
805 3862 860 3920 aut
876 3852 910 3920 in
928 3861 1031 3920 castra
1048 3875 1178 3920 suorum

145 3951 332 4040 reciperent,
352 3960 408 4019 aut
425 3951 570 4020 nonnidli
583 3951 707 4040 pudore
718 3948 951 4034 coactilongius
963 3947 1177 4036 profirgereut.

135 4067 278 4140 quorum
301 4047 452 4140 periculo
475 4049 524 4119 sio
546 4069 660 4115 omnes
687 4045 800 4134 copiae
823 4049 900 4110 sunt
919 4040 1137 4124 persumme,
1150 4052 1191 4107 nt
