2414 4336
238 229 280 295 34
552 241 605 296 Du
622 239 748 295 BELLO
768 237 936 296 GALLIOO

236 366 385 453 oppidum
401 365 544 451 proxima
560 375 652 433 nocto
669 363 823 430 convenit.
867 363 1009 429 celeriter
1029 363 1128 432 vineis
1147 383 1173 421 :o
1194 354 1207 411 l

119 451 123 460 ¹
234 461 344 546 pidum
361 460 453 540 actis,
480 481 596 547 aggere
612 459 694 525 iacto
716 457 916 542 turribusque
938 455 1117 525 constitutis
1142 492 1161 517 o
1197 454 1207 509 l

235 556 342 620 tudine
368 577 512 641 operum,
544 576 625 639 quae
650 575 752 638 neque
777 553 920 618 viderant
945 562 1018 619 ante
1046 551 1131 620 Galli
1155 591 1170 610 ι7
1202 552 1207 603 l

235 649 410 728 audierant,
437 658 468 715 et
494 648 651 715 celeritate
672 647 886 714 Romanorum
911 648 1046 734 permoti
1071 647 1157 728 lep·
1202 645 1207 673 ¹

237 743 407 811 Caesarem
428 744 468 809 de
490 743 646 809 deditione
667 743 794 808 mittunt
815 751 847 808 et
871 741 1050 829 petentibus
1072 742 1161 809 Rea?
1200 739 1207 793 l

106 847 108 852 '
186 859 218 909 13
236 849 500 917 conservarentur,
518 838 694 925 impetrant.
732 836 852 904 Caesar
869 836 1032 904 obsidibus
1047 837 1167 925 acoep'
1201 828 1207 884 Ε

234 936 295 1001 mis
312 933 446 1000 civitatis
463 941 557 1018 atque
573 933 673 1019 ipsius
688 929 810 999 Galbae
827 932 911 1019 regis
924 933 1049 999 duobus
1062 932 1131 998 filiis
1147 964 1165 990 ³·

235 1051 297 1115 que
314 1027 458 1095 omnibus
477 1049 517 1092 ex
533 1027 649 1114 oppido
667 1026 787 1092 traditis
805 1027 839 1091 in
860 1026 1052 1092 deditionem
1070 1025 1157 1094 See-:2

235 1123 355 1210 accepit
376 1123 608 1210 exercitumque
633 1122 668 1187 in
689 1121 875 1188 Bellovacos
903 1121 998 1187 ducit.
1043 1122 1098 1208 qui
1126 1152 1160 1179 a
1200 1182 1201 1194 ,

235 1239 354 1302 suaque
380 1218 485 1284 omnia
512 1218 547 1282 in
576 1216 727 1304 oppidum
752 1215 1011 1303 Bratuspantium
1042 1238 1125 1289 con·
1142 1216 1157 1272 '1
1188 1201 1207 1287 Ε

235 1321 329 1398 atque
354 1311 394 1377 ab
422 1334 459 1377 eo
486 1312 601 1398 oppido
624 1309 744 1377 Caesar
770 1334 842 1376 oum
864 1311 1003 1376 exercitu
1025 1311 1140 1377 circiter
1188 1270 1207 1382 l

234 1429 387 1495 passuum
404 1406 542 1492 quinque
560 1405 695 1484 abesset,
714 1428 822 1472 omnes
840 1406 973 1471 maiores
990 1415 1069 1472 natu
1084 1429 1122 1472 ex
1135 1427 1160 1472 o·
1189 1388 1207 1477 l

236 1501 356 1589 egressi
377 1523 490 1566 manus
512 1500 554 1566 ad
576 1498 747 1566 Caesarem
772 1498 899 1564 tendere
924 1508 956 1564 et
982 1521 1059 1566 voce
1081 1499 1108 1565 si
1135 1532 1166 1556 ιιἸ
1189 1484 1207 1573 Ε

235 1602 415 1681 coeperunt,
440 1615 510 1658 sese
526 1594 560 1658 in
577 1593 645 1658 eius
663 1593 758 1659 fidem
775 1615 813 1659 ac
829 1601 1016 1679 potestatem
1033 1594 1134 1660 venire
1154 1624 1162 1649 ..
1189 1576 1207 1665 Ε

234 1697 342 1753 contra
363 1686 515 1772 populum
531 1687 712 1753 Romanum
733 1687 827 1753 armis
850 1687 1047 1754 contendere.
1091 1670 1207 1761 itenl

235 1781 276 1846 ad
292 1781 443 1865 oppidum
460 1782 645 1847 accessisset
666 1791 830 1866 castraque
851 1779 896 1847 ibi
912 1791 1056 1868 poneret,
1081 1781 1159 1869 pueri
1190 1766 1207 1922 1

234 1874 388 1958 lieresque
414 1896 454 1939 ex
479 1897 568 1940 muro
593 1876 696 1961 passis
723 1875 869 1942 manibus
895 1898 953 1942 suo
974 1899 1061 1942 more
1082 1898 1166 1963 puoso

1199 1926 1207 1952 ll

184 1990 217 2038 14
233 1968 385 2034 Romanis
402 1968 566 2055 petienmt
610 1991 668 2055 pro
685 1970 734 2036 his
747 1968 926 2036 Diuitiaene
944 1968 1032 2055 (nam
1048 1979 1119 2058 post
1140 1969 1166 2026 ·'-
1193 1954 1207 2027 l

236 2086 307 2129 sum
327 2063 500 2151 Belgarum
526 2065 664 2132 dimissis
686 2065 892 2132 Haeduorum
919 2068 1017 2154 copiis
1045 2067 1086 2133 ad
1110 2087 1169 2132 eun
1195 2049 1207 2141 Ε

234 2157 383 2245 verterat)
410 2159 485 2226 facit
511 2160 622 2227 verba:
648 2160 833 2228 Bellovacos
860 2163 945 2227 omni
971 2162 1160 2249 temporeiu
1198 2146 1207 2229 Ε

233 2265 328 2339 atque
345 2254 481 2320 amicitia
499 2255 633 2321 civitatis
651 2255 806 2322 Haeduae
823 2255 935 2322 fuisse:
958 2256 1110 2342 impulsos
1131 2255 1164 2322 ab
1198 2229 1207 2328 l

232 2348 440 2436 principibus,
464 2349 518 2434 qui
539 2349 678 2415 dicerent
699 2349 852 2415 Haeduos
874 2373 895 2415 a
913 2349 1050 2416 Caesare
1071 2351 1105 2416 in
1126 2373 1159 2415 sa
1174 2323 1207 2399 *l

233 2454 296 2510 tem
314 2445 457 2510 redactos
479 2466 588 2510 omnes
610 2445 811 2532 indignitates
834 2444 1100 2531 contumeliasque
1120 2467 1158 2532 pe
1183 2403 1207 2552 Ε

234 2547 265 2602 et
287 2536 328 2602 ab
345 2537 490 2604 Haeduis
512 2538 666 2604 defecisse
689 2546 720 2604 et
740 2538 858 2624 populo
875 2538 1018 2604 Romano
1041 2538 1157 2605 bellum
1177 2569 1179 2593 ι

232 2631 317 2696 lisse.
361 2632 416 2716 qui
433 2631 500 2696 eius
519 2631 640 2697 consilii
656 2631 812 2718 principes
830 2632 973 2710 firissent,
991 2633 1077 2716 quod
1098 2633 1155 2698 in·
1183 2661 1188 2685 >

233 2735 314 2804 rent,
338 2735 487 2810 quantam
504 2727 711 2793 calamitatem
729 2727 847 2793 civitati
863 2726 1056 2806 intulissent,
1082 2727 1118 2791 in
1134 2725 1195 2792 Bc

233 2821 318 2884 niam
335 2820 523 2907 profugisse.
550 2831 656 2908 petere
673 2843 737 2887 non
755 2821 856 2886 solum
873 2821 1070 2901 Bellovacos,
1089 2822 1149 2888 sed
1163 2835 1197 2887 e<

233 2935 291 2998 pro
312 2912 362 2979 his
383 2913 550 2994 Haeduos,
578 2927 613 2981 ut
636 2939 693 2982 sua
715 2917 879 2982 clementia
904 2940 942 2983 ao
963 2917 1194 2984 mansuetudine

234 3028 288 3072 eos
306 3017 419 3073 utatur.
447 3011 532 3093 quod
546 3011 573 3076 si
586 3010 704 3091 fecerit,
722 3010 929 3078 Haeduorum
942 3013 1160 3079 auctoritatem
1171 3035 1196 3078 a·

234 3123 343 3168 omnes
356 3102 473 3191 Belgas
491 3105 766 3191 amplificaturum3
784 3128 918 3190 quorum
934 3107 1059 3174 auxiliis
1077 3118 1172 3194 atque
1191 3136 1207 3176 ι,

185 3214 215 3262 15
233 3193 303 3272 bus,
322 3196 350 3260 si
366 3216 431 3279 qua
446 3197 528 3263 bella
540 3199 713 3278 inciderint,
733 3210 907 3266 sustentare
920 3202 1111 3268 consuerint.
1140 3200 1176 3268 C>
1189 3230 1202 3255 a

233 3289 518 3357 honorisDivitiaci
531 3302 624 3378 atque
633 3293 840 3360 Haeduorum
854 3317 949 3361 causa
963 3317 1033 3362 sese
1047 3318 1103 3363 eos
1117 3296 1151 3363 in
1162 3295 1206 3362 fia

233 3393 429 3470 recepturum
438 3394 469 3450 et
477 3397 732 3453 conservaturum
740 3389 833 3468 dixit3
851 3391 936 3474 quod
945 3399 1011 3456 erat
1019 3390 1132 3458 civitas
1151 3422 1166 3447 u
1179 3422 1182 3445 2
1194 3420 1205 3467 μ

233 3477 313 3542 inter
328 3477 446 3566 Belgas
464 3482 645 3547 auctoritate
664 3491 757 3566 atque
774 3482 936 3549 hominum
954 3484 1154 3551 mrdtitudine
1185 3516 1188 3542 ι

235 3570 345 3650 stabat,
365 3583 530 3640 sexcentos
549 3574 674 3642 obsides
691 3578 845 3662 poposcit.
889 3578 938 3643 his
957 3578 1077 3644 traditis
1096 3601 1205 3644 remam*

234 3687 295 3749 que
312 3666 406 3731 armis
429 3689 470 3732 ex
490 3669 605 3755 oppido
628 3669 748 3736 collatis
771 3670 811 3737 ab
829 3693 867 3736 eo
884 3672 954 3738 loco
971 3673 1005 3737 in
1026 3670 1106 3738 fines
1135 3699 1144 3730 ι
1167 3704 1181 3729 a
1195 3703 1204 3726 2,

233 3781 344 3824 norum
360 3761 515 3845 pervenit,
543 3764 598 3846 qui
619 3785 653 3828 se
671 3786 790 3849 suaque
813 3765 918 3831 omnia
935 3766 1002 3831 sine
1023 3787 1114 3832 mora
1131 3764 1164 3831 d·
1177 3791 1207 3821 a·

233 3862 314 3918 runt
359 3875 466 3919 eorum
483 3854 562 3923 fines
580 3855 687 3923 Nervii
704 3860 914 3948 attingebant3
937 3882 1069 3945 quorum
1086 3860 1129 3928 de
1146 3884 1178 3927 n
1193 3890 1207 3913 1·

230 3945 434 4032 moribusque
453 3946 573 4016 Caesar
590 3972 662 4016 oum
679 3964 851 4038 quaereret,
870 3955 916 4019 sic
927 3954 1118 4041 reperiebat:
1136 3979 1173 4021 n·
1188 3961 1202 4012 l·

124 4119 135 4134 .
163 4122 173 4138 .
217 4039 343 4106 aditum
366 4065 441 4112 esse
458 4044 503 4112 ad
520 4068 578 4116 eos
596 4048 844 4130 mercatoribus,
865 4048 948 4113 ridid
963 4051 1035 4133 pata
1045 4051 1118 4113 r'ud
1128 4053 1199 4114 re·
