2528 4336
447 283 565 342 comi.
582 283 648 342 vn.
665 285 779 341 10-1a
971 356 973 361 Ι
1056 269 1117 336 119

88 407 331 499 oppugnatione
344 406 585 487 Vellaunoduni,
603 430 676 474 cum
687 407 812 495 longius
826 429 896 473 eam
907 429 974 473 rem
991 407 1119 472 ductum

89 506 128 572 iri
152 504 384 582 existimarent,
410 503 601 590 praesidium
624 502 747 571 Cenabi
768 503 877 569 tuendi
896 523 1006 580 causa,
1034 501 1120 586 quod

89 621 129 668 eo
148 599 326 677 mitterent,
349 597 580 685 comparabunt.
622 597 686 664 huc
701 597 797 665 biduo
814 597 965 685 pervenit.
1009 596 1119 663 eastris

90 703 168 760 ante
191 692 344 780 oppidum
364 693 475 780 positis
499 692 561 758 diei
581 702 720 779 tempore
742 693 888 759 exclusus
905 692 939 757 in
959 700 1121 778 posterum

90 787 366 875 oppugnationem
382 787 487 854 differt
503 810 647 873 quaeque
662 788 704 853 ad
725 811 795 854 eam
811 811 877 854 rem
894 787 966 854 usui
984 787 1046 853 sint
1062 785 1122 851 mi·

90 881 205 948 litibus
222 882 356 968 imperat
374 891 414 962 et,
433 882 518 967 quod
535 883 685 969 oppidum
705 878 870 950 Cenabum
885 903 965 969 pons
983 880 1120 947 fluminis

89 974 226 1063 Ligeris
243 975 436 1055 continebat,
458 976 591 1055 veritus,
614 998 654 1043 ne
671 985 767 1043 noctu
784 998 825 1041 ex
841 977 956 1063 oppido
972 973 1121 1062 profuge·

89 1079 174 1149 rent,
193 1069 274 1136 duas
291 1069 432 1156 legiones
450 1069 484 1135 in
500 1070 595 1136 armis
613 1068 767 1136 excubare
783 1069 880 1136 iubet.
919 1067 1120 1136 Cenabenses

88 1162 191 1251 paulo
219 1171 291 1228 ante
317 1163 454 1230 mediam
485 1172 610 1229 noctem
640 1163 762 1229 silentio
792 1185 832 1229 ex
857 1163 973 1250 oppido
1002 1161 1122 1251 egressi

91 1258 216 1325 flumen
232 1256 364 1323 transire
382 1266 559 1344 coeperunt
602 1279 666 1342 qua
681 1279 716 1323 re
732 1279 788 1344 per
809 1256 1019 1343 exploratores
1040 1279 1121 1323 nun·

90 1352 172 1418 tiata
191 1349 312 1418 Caesar
328 1351 478 1438 legiones,
497 1373 577 1436 quas
594 1351 755 1438 expeditas
773 1373 844 1418 esse
860 1351 1005 1430 iusserat,
1022 1349 1121 1436 portis

91 1445 235 1512 incensis
269 1445 445 1512 intromittit
475 1455 568 1530 atque
598 1445 714 1532 oppido
742 1445 859 1533 potitur
887 1445 1051 1532 perpaucis
1081 1465 1121 1510 ex

93 1538 236 1605 bostiam
252 1561 383 1606 numero
400 1538 598 1618 desideratis,
626 1539 703 1624 quin
720 1540 823 1605 cuncti
840 1539 905 1606 vivi
927 1547 1120 1626 caperentur,

94 1632 182 1718 quod
198 1632 304 1719 pontis
323 1642 416 1717 atque
433 1633 580 1698 itinerum
602 1634 766 1720 angustiae
788 1633 993 1700 multitudinis
1011 1631 1121 1719 fugam

95 1725 344 1794 intercluserunt.
389 1727 540 1814 oppidum
557 1726 663 1814 diripit
679 1737 773 1813 atque
794 1728 946 1807 incendit,
972 1726 1122 1814 praedam

96 1818 250 1887 militibus
268 1820 379 1901 donat,
401 1821 571 1888 exercitum
587 1821 739 1910 Ligerem
756 1822 889 1889 traducit
905 1832 1000 1907 atque
1016 1821 1051 1886 in
1066 1819 1122 1885 Bi·

98 1915 238 2002 turigum
259 1915 339 1982 lines
362 1916 513 2002 pervenit
556 1914 808 2004 Vercingetorix,
834 1914 890 1983 ubi
911 1916 951 1982 de
975 1912 1120 1982 Caesaris
1140 1929 1172 1980 12

97 2009 236 2076 adventu
249 2009 405 2096 cognovit,
423 2007 655 2096 oppugnatione
668 2009 787 2075 destitit
799 2019 892 2095 atque
905 2009 1031 2076 obviam
1040 2006 1122 2074 Cae-

99 2102 160 2169 sari
176 2102 393 2190 proficiscitur.
418 2102 471 2169 ille
485 2103 635 2189 oppidum
648 2103 837 2191 Biturigum,
853 2103 992 2190 positum
1008 2103 1042 2167 in
1058 2101 1119 2178 via,

97 2195 321 2264 Noviodunum
342 2219 524 2285 oppugnare
546 2197 729 2263 instituerat
772 2220 836 2283 quo
853 2219 893 2262 ex
914 2197 1029 2284 oppido
1047 2217 1120 2261 cum

98 2289 195 2379 legati
211 2291 254 2357 ad
271 2314 345 2358 eum
360 2292 520 2359 venissent
537 2301 673 2371 oratum,
694 2300 730 2356 ut
751 2292 812 2359 sibi
832 2292 1009 2379 ignosceret
1030 2311 1122 2356 suae·

99 2407 161 2471 qne
177 2385 262 2452 vitae
279 2386 469 2467 consuleret,
495 2395 531 2454 ut
548 2385 704 2454 celeritate
720 2385 856 2471 reliquas
872 2408 923 2453 res
946 2384 1120 2462 conficeret,

99 2501 162 2565 qua
177 2480 327 2568 pleraque
345 2490 412 2547 erat
428 2491 631 2560 consecutus,
653 2504 740 2548 arma
756 2481 904 2559 consemi,
930 2502 1027 2565 equos
1049 2499 1121 2567 pro-

99 2574 182 2654 duci,
201 2574 328 2642 obsides
345 2575 413 2641 dari
429 2575 525 2643 iubet.
559 2586 648 2663 parte
664 2576 728 2642 iam
744 2575 890 2644 obsidum
907 2575 1029 2653 tradita,
1048 2595 1121 2640 enm

98 2668 221 2754 reliqua
237 2669 533 2748 administrarentur,
551 2669 783 2737 centurionibus
801 2680 832 2737 et
848 2670 957 2757 paucis
970 2667 1121 2735 militibus

98 2761 300 2841 intromissis,
323 2763 378 2847 qui
394 2786 481 2830 arma
496 2763 696 2850 iumentaque
713 2765 942 2849 conquirerent,
965 2762 1121 2848 equitatus

98 2855 239 2922 bostium
254 2856 364 2943 procul
380 2857 467 2923 visus
485 2867 543 2938 est,
561 2858 616 2943 qui
628 2879 743 2944 agmen
755 2856 1022 2946 Vercingetorigis
1035 2865 1122 2922 ante-

99 2960 247 3018 cesserat
291 2971 387 3035 quem
404 2951 591 3037 simulatque
609 2951 757 3039 oppidani
778 2960 1007 3041 conspexerunt
1028 2960 1122 3035 atque

99 3043 131 3111 in
153 3066 244 3132 spem
265 3045 373 3111 auxilii
394 3055 558 3125 venerunt,
585 3045 720 3113 clamore
746 3046 869 3113 sublato
891 3068 978 3112 arma
999 3065 1120 3131 capere,

99 3148 208 3225 partas
225 3137 380 3217 claudere,
398 3161 523 3205 murum
541 3140 695 3227 complere
714 3148 891 3226 coeperrmt
927 3138 1122 3205 centuriones

99 3233 132 3300 in
148 3231 277 3320 oppido,
295 3254 369 3298 eum
381 3256 422 3299 ex
436 3233 662 3320 significatione
676 3231 840 3302 Gallorum
856 3233 930 3299 novi
946 3230 1064 3316 aliquid
1080 3230 1121 3297 ab

100 3326 137 3394 iis
153 3326 228 3392 iniri
245 3326 367 3392 consilii
383 3327 623 3406 intellexissent,
641 3328 754 3415 gladiis
772 3326 927 3393 destrictis
944 3334 1051 3414 portas
1069 3346 1123 3391 oc

101 3429 295 3509 cupavenmt
312 3441 447 3506 suosque
465 3443 574 3487 omnes
590 3421 762 3488 incolumes
778 3429 971 3506 receperunt
1003 3417 1123 3486 Caesar
1141 3434 1173 3484 ro

103 3535 139 3580 ex
164 3513 278 3581 castris
304 3515 476 3599 equitatum
502 3515 594 3582 educi
623 3515 710 3582 iubet
739 3513 953 3602 proeliumque
978 3525 1122 3600 equestre

101 3609 279 3676 committit:
305 3608 520 3677 laborantibus
541 3609 605 3675 iam
627 3609 692 3675 suis
716 3606 891 3675 Germanos
918 3608 1038 3694 equites
1063 3607 1124 3673 cir·

102 3702 176 3771 citer
195 3701 317 3770 CCCC
335 3704 498 3783 submittit,
516 3725 596 3789 quos
614 3700 654 3768 ab
672 3702 761 3769 initio
778 3724 886 3769 secum
902 3701 1017 3768 habere
1034 3701 1123 3768 insti·

103 3805 212 3866 tuerat.
261 3819 370 3865 eorum
394 3799 548 3885 impetum
574 3793 660 3863 Galli
685 3796 838 3863 sustinere
867 3817 931 3862 non
955 3803 1123 3882 potuerrmt

102 3901 195 3981 atque
215 3891 251 3959 in
267 3891 377 3981 lugam
398 3892 530 3959 coniecti
550 3889 657 3955 multis
679 3889 802 3958 amissis
825 3911 859 3955 se
881 3890 922 3955 ad
943 3910 1057 3976 agmen
1073 3906 1123 3955 re·

101 3997 261 4078 ceperunt
308 3985 422 4072 quibus
451 3984 623 4073 profligatis
653 4007 762 4052 rursus
792 3983 940 4072 oppidani
969 3983 1127 4070 perterriti

100 4080 344 4172 comprehensos
374 4103 442 4162 eas,
483 4101 620 4168 quorum
650 4102 751 4171 opera
781 4079 918 4171 plebem
949 4076 1152 4146 senatuum
