<?xml version="1.0" encoding="UTF-8"?>
<!DOCTYPE html PUBLIC "-//W3C//DTD XHTML 1.0 Transitional//EN"
    "http://www.w3.org/TR/xhtml1/DTD/xhtml1-transitional.dtd">
<html xmlns="http://www.w3.org/1999/xhtml" xml:lang="en" lang="en">
 <head>
  <title>
</title>
<meta http-equiv="Content-Type" content="text/html;charset=utf-8" />
  <meta name='ocr-system' content='tesseract 3.04.00' />
  <meta name='ocr-capabilities' content='ocr_page ocr_carea ocr_par ocr_line ocrx_word'/>
</head>
<body>
  <div class='ocr_page' id='page_1' title='image "./ciuliicaesarisc01krangoog_0135.png"; bbox 0 0 2414 4336; ppageno 0'>
   <div class='ocr_carea' id='block_1_1' title="bbox 383 203 1062 272">
    <p class='ocr_par' dir='ltr' id='par_1_1' title="bbox 383 203 1062 272">
     <span class='ocr_line' id='line_1_1' title="bbox 383 203 1062 272; baseline 0 0"><span class='ocrx_word' id='word_1_1' title='bbox 383 212 582 272; x_wconf 80' lang='lat' dir='ltr'>conuvu.</span> <span class='ocrx_word' id='word_1_2' title='bbox 601 213 721 270; x_wconf 80' lang='lat' dir='ltr'>aa-as.</span> <span class='ocrx_word' id='word_1_3' title='bbox 999 203 1062 272; x_wconf 82' lang='lat'>129</span> 
     </span>
    </p>
   </div>
   <div class='ocr_carea' id='block_1_2' title="bbox 71 334 1113 4005">
    <p class='ocr_par' dir='ltr' id='par_1_2' title="bbox 71 334 1113 4005">
     <span class='ocr_line' id='line_1_2' title="bbox 71 334 1061 424; baseline 0.004 -21"><span class='ocrx_word' id='word_1_4' title='bbox 71 334 157 417; x_wconf 67' lang='lat' dir='ltr'>fissis</span> <span class='ocrx_word' id='word_1_5' title='bbox 175 335 277 405; x_wconf 89' lang='lat' dir='ltr'>rebus</span> <span class='ocrx_word' id='word_1_6' title='bbox 294 337 368 404; x_wconf 89' lang='lat' dir='ltr'>huic</span> <span class='ocrx_word' id='word_1_7' title='bbox 384 337 466 405; x_wconf 92' lang='lat' dir='ltr'>bello</span> <span class='ocrx_word' id='word_1_8' title='bbox 480 338 631 405; x_wconf 90' lang='lat' dir='ltr'>servirent</span> <span class='ocrx_word' id='word_1_9' title='bbox 643 360 753 424; x_wconf 87' lang='lat' dir='ltr'>eaque,</span> <span class='ocrx_word' id='word_1_10' title='bbox 771 361 852 424; x_wconf 90' lang='lat' dir='ltr'>quae</span> <span class='ocrx_word' id='word_1_11' title='bbox 864 340 1061 422; x_wconf 85' lang='lat' dir='ltr'>meruissent,</span> 
     </span>
     <span class='ocr_line' id='line_1_3' title="bbox 71 430 1063 521; baseline 0.003 -23"><span class='ocrx_word' id='word_1_12' title='bbox 71 433 173 505; x_wconf 67' lang='lat' dir='ltr'>semia</span> <span class='ocrx_word' id='word_1_13' title='bbox 194 432 307 512; x_wconf 84' lang='lat' dir='ltr'>abae,</span> <span class='ocrx_word' id='word_1_14' title='bbox 333 433 457 500; x_wconf 89' lang='lat' dir='ltr'>devicta</span> <span class='ocrx_word' id='word_1_15' title='bbox 474 430 593 513; x_wconf 85' lang='lat' dir='ltr'>Gallia,</span> <span class='ocrx_word' id='word_1_16' title='bbox 619 442 848 521; x_wconf 69' lang='lat' dir='ltr'><strong>exspectarent,</strong></span> <span class='ocrx_word' id='word_1_17' title='bbox 876 433 1063 520; x_wconf 89' lang='lat' dir='ltr'>equitatum-</span> 
     </span>
     <span class='ocr_line' id='line_1_4' title="bbox 71 526 1063 614; baseline 0.005 -24"><span class='ocrx_word' id='word_1_18' title='bbox 71 540 249 609; x_wconf 66' lang='lat' dir='ltr'>qomnem</span> <span class='ocrx_word' id='word_1_19' title='bbox 271 536 302 592; x_wconf 89' lang='lat' dir='ltr'>et</span> <span class='ocrx_word' id='word_1_20' title='bbox 321 526 462 614; x_wconf 91' lang='lat' dir='ltr'>peditum</span> <span class='ocrx_word' id='word_1_21' title='bbox 483 527 570 593; x_wconf 81' lang='lat' dir='ltr'>milia</span> <span class='ocrx_word' id='word_1_22' title='bbox 591 527 700 594; x_wconf 89' lang='lat' dir='ltr'>decem</span> <span class='ocrx_word' id='word_1_23' title='bbox 723 526 783 594; x_wconf 93' lang='lat' dir='ltr'>sibi</span> <span class='ocrx_word' id='word_1_24' title='bbox 804 527 944 594; x_wconf 77' lang='lat' dir='ltr'>celeriter</span> <span class='ocrx_word' id='word_1_25' title='bbox 959 529 1063 595; x_wconf 89' lang='lat' dir='ltr'>mitte·</span> 
     </span>
     <span class='ocr_line' id='line_1_5' title="bbox 71 619 1062 709; baseline 0.003 -24"><span class='ocrx_word' id='word_1_26' title='bbox 71 622 74 631; x_wconf 91' lang='lat'>&#39;</span> <span class='ocrx_word' id='word_1_27' title='bbox 127 640 217 704; x_wconf 89' lang='lat' dir='ltr'>quae</span> <span class='ocrx_word' id='word_1_28' title='bbox 234 619 267 685; x_wconf 91' lang='lat' dir='ltr'>in</span> <span class='ocrx_word' id='word_1_29' title='bbox 283 621 448 707; x_wconf 75' lang='lat' dir='ltr'>praesidiis</span> <span class='ocrx_word' id='word_1_30' title='bbox 464 622 510 686; x_wconf 90' lang='lat' dir='ltr'>rei</span> <span class='ocrx_word' id='word_1_31' title='bbox 526 621 747 687; x_wconf 81' lang='lat' dir='ltr'>frumentariae</span> <span class='ocrx_word' id='word_1_32' title='bbox 765 644 861 688; x_wconf 88' lang='lat' dir='ltr'>causa</span> <span class='ocrx_word' id='word_1_33' title='bbox 873 621 1062 709; x_wconf 78' lang='lat' dir='ltr'>disponeret,</span> 
     </span>
     <span class='ocr_line' id='line_1_6' title="bbox 124 710 1064 802; baseline 0.005 -25"><span class='ocrx_word' id='word_1_34' title='bbox 124 710 210 778; x_wconf 87' lang='lat' dir='ltr'>&#39;tum</span> <span class='ocrx_word' id='word_1_35' title='bbox 226 713 260 778; x_wconf 90' lang='lat' dir='ltr'>in</span> <span class='ocrx_word' id='word_1_36' title='bbox 277 713 356 781; x_wconf 88' lang='lat' dir='ltr'>duas</span> <span class='ocrx_word' id='word_1_37' title='bbox 372 725 477 801; x_wconf 87' lang='lat' dir='ltr'>partes</span> <span class='ocrx_word' id='word_1_38' title='bbox 496 714 615 782; x_wconf 80' lang='lat' dir='ltr'>divisit:</span> <span class='ocrx_word' id='word_1_39' title='bbox 633 725 780 801; x_wconf 88' lang='lat' dir='ltr'>quattuor</span> <span class='ocrx_word' id='word_1_40' title='bbox 796 715 934 802; x_wconf 80' lang='lat' dir='ltr'>legIones</span> <span class='ocrx_word' id='word_1_41' title='bbox 952 717 985 782; x_wconf 90' lang='lat' dir='ltr'>in</span> <span class='ocrx_word' id='word_1_42' title='bbox 1004 713 1064 784; x_wconf 87' lang='lat' dir='ltr'>Se-</span> 
     </span>
     <span class='ocr_line' id='line_1_7' title="bbox 153 805 1063 896; baseline 0.004 -24"><span class='ocrx_word' id='word_1_43' title='bbox 153 805 360 892; x_wconf 80' lang='lat' dir='ltr'>Parisiosque</span> <span class='ocrx_word' id='word_1_44' title='bbox 381 807 526 875; x_wconf 86' lang='lat' dir='ltr'>Labieno</span> <span class='ocrx_word' id='word_1_45' title='bbox 549 808 709 874; x_wconf 90' lang='lat' dir='ltr'>ducendas</span> <span class='ocrx_word' id='word_1_46' title='bbox 735 809 834 888; x_wconf 91' lang='lat' dir='ltr'>dedit;</span> <span class='ocrx_word' id='word_1_47' title='bbox 862 832 919 876; x_wconf 90' lang='lat' dir='ltr'>sex</span> <span class='ocrx_word' id='word_1_48' title='bbox 940 809 1063 896; x_wconf 88' lang='lat' dir='ltr'>ipsein</span> 
     </span>
     <span class='ocr_line' id='line_1_8' title="bbox 103 899 1064 990; baseline 0.004 -25"><span class='ocrx_word' id='word_1_49' title='bbox 103 920 200 966; x_wconf 85' lang='lat' dir='ltr'>ernas</span> <span class='ocrx_word' id='word_1_50' title='bbox 214 900 256 966; x_wconf 91' lang='lat' dir='ltr'>ad</span> <span class='ocrx_word' id='word_1_51' title='bbox 268 901 419 988; x_wconf 93' lang='lat' dir='ltr'>oppidum</span> <span class='ocrx_word' id='word_1_52' title='bbox 429 899 622 990; x_wconf 85' lang='lat' dir='ltr'>Gergoviam</span> <span class='ocrx_word' id='word_1_53' title='bbox 636 903 807 968; x_wconf 91' lang='lat' dir='ltr'>secundum</span> <span class='ocrx_word' id='word_1_54' title='bbox 820 902 938 969; x_wconf 89' lang='lat' dir='ltr'>flumen</span> <span class='ocrx_word' id='word_1_55' title='bbox 945 903 1064 969; x_wconf 84' lang='lat' dir='ltr'>Elaver</span> 
     </span>
     <span class='ocr_line' id='line_1_9' title="bbox 100 992 1061 1082; baseline 0.004 -23"><span class='ocrx_word' id='word_1_56' title='bbox 100 992 110 1008; x_wconf 84' lang='grc'>’</span> <span class='ocrx_word' id='word_1_57' title='bbox 128 1019 139 1072; x_wconf 79' lang='lat'>3</span> <span class='ocrx_word' id='word_1_58' title='bbox 164 995 323 1079; x_wconf 82' lang='lat' dir='ltr'>equitatus</span> <span class='ocrx_word' id='word_1_59' title='bbox 341 1006 462 1082; x_wconf 87' lang='lat' dir='ltr'>partem</span> <span class='ocrx_word' id='word_1_60' title='bbox 479 997 525 1061; x_wconf 91' lang='lat' dir='ltr'>illi</span> <span class='ocrx_word' id='word_1_61' title='bbox 541 995 694 1075; x_wconf 83' lang='lat' dir='ltr'>attribuit,</span> <span class='ocrx_word' id='word_1_62' title='bbox 713 1007 833 1082; x_wconf 85' lang='lat' dir='ltr'>partem</span> <span class='ocrx_word' id='word_1_63' title='bbox 851 996 911 1064; x_wconf 87' lang='lat' dir='ltr'>sibi</span> <span class='ocrx_word' id='word_1_64' title='bbox 927 997 1061 1082; x_wconf 89' lang='lat' dir='ltr'>reliquit.</span> 
     </span>
     <span class='ocr_line' id='line_1_10' title="bbox 115 1089 1064 1178; baseline 0.003 -24"><span class='ocrx_word' id='word_1_65' title='bbox 115 1110 149 1154; x_wconf 89' lang='lat' dir='ltr'>re</span> <span class='ocrx_word' id='word_1_66' title='bbox 167 1089 295 1176; x_wconf 88' lang='lat' dir='ltr'>cognita</span> <span class='ocrx_word' id='word_1_67' title='bbox 307 1089 548 1178; x_wconf 81' lang='lat' dir='ltr'>Vercingetorix</span> <span class='ocrx_word' id='word_1_68' title='bbox 565 1089 710 1157; x_wconf 92' lang='lat' dir='ltr'>omnibus</span> <span class='ocrx_word' id='word_1_69' title='bbox 727 1090 906 1177; x_wconf 87' lang='lat' dir='ltr'>interruptis</span> <span class='ocrx_word' id='word_1_70' title='bbox 925 1093 991 1158; x_wconf 91' lang='lat' dir='ltr'>eius</span> <span class='ocrx_word' id='word_1_71' title='bbox 1004 1091 1064 1157; x_wconf 86' lang='lat' dir='ltr'>flu·</span> 
     </span>
     <span class='ocr_line' id='line_1_11' title="bbox 92 1177 1062 1272; baseline 0.004 -25"><span class='ocrx_word' id='word_1_72' title='bbox 92 1177 114 1267; x_wconf 57' lang='grc'>,’</span> <span class='ocrx_word' id='word_1_73' title='bbox 146 1182 300 1269; x_wconf 89' lang='lat' dir='ltr'>pontibus</span> <span class='ocrx_word' id='word_1_74' title='bbox 318 1183 359 1249; x_wconf 91' lang='lat' dir='ltr'>ab</span> <span class='ocrx_word' id='word_1_75' title='bbox 376 1184 474 1252; x_wconf 88' lang='lat' dir='ltr'>altera</span> <span class='ocrx_word' id='word_1_76' title='bbox 490 1183 628 1250; x_wconf 89' lang='lat' dir='ltr'>fluminis</span> <span class='ocrx_word' id='word_1_77' title='bbox 645 1193 733 1270; x_wconf 87' lang='lat' dir='ltr'>parte</span> <span class='ocrx_word' id='word_1_78' title='bbox 749 1185 808 1250; x_wconf 85' lang='lat' dir='ltr'>iter</span> <span class='ocrx_word' id='word_1_79' title='bbox 824 1186 928 1251; x_wconf 84' lang='lat' dir='ltr'>facere</span> <span class='ocrx_word' id='word_1_80' title='bbox 951 1186 1062 1272; x_wconf 84' lang='lat' dir='ltr'>eoepit.</span> 
     </span>
     <span class='ocr_line' id='line_1_12' title="bbox 125 1276 1113 1364; baseline 0.006 -23"><span class='ocrx_word' id='word_1_81' title='bbox 125 1286 260 1362; x_wconf 88' lang='lat' dir='ltr'>uterque</span> <span class='ocrx_word' id='word_1_82' title='bbox 273 1276 429 1363; x_wconf 86' lang='lat' dir='ltr'>utrimque</span> <span class='ocrx_word' id='word_1_83' title='bbox 442 1279 559 1344; x_wconf 87' lang='lat' dir='ltr'>exisset</span> <span class='ocrx_word' id='word_1_84' title='bbox 572 1278 736 1356; x_wconf 88' lang='lat' dir='ltr'>exercitus,</span> <span class='ocrx_word' id='word_1_85' title='bbox 753 1279 787 1343; x_wconf 92' lang='lat' dir='ltr'>in</span> <span class='ocrx_word' id='word_1_86' title='bbox 800 1289 969 1364; x_wconf 89' lang='lat' dir='ltr'>conspectu</span> <span class='ocrx_word' id='word_1_87' title='bbox 982 1279 1063 1344; x_wconf 82' lang='lat' dir='ltr'>ferc-</span> <span class='ocrx_word' id='word_1_88' title='bbox 1081 1297 1113 1347; x_wconf 78' lang='lat' dir='ltr'>at</span> 
     </span>
     <span class='ocr_line' id='line_1_13' title="bbox 111 1371 1064 1458; baseline 0.003 -23"><span class='ocrx_word' id='word_1_89' title='bbox 111 1391 124 1434; x_wconf 89' lang='lat' dir='ltr'>e</span> <span class='ocrx_word' id='word_1_90' title='bbox 135 1371 270 1458; x_wconf 88' lang='lat' dir='ltr'>regione</span> <span class='ocrx_word' id='word_1_91' title='bbox 279 1373 389 1438; x_wconf 88' lang='lat' dir='ltr'>castris</span> <span class='ocrx_word' id='word_1_92' title='bbox 399 1381 500 1438; x_wconf 90' lang='lat' dir='ltr'>castra</span> <span class='ocrx_word' id='word_1_93' title='bbox 513 1372 681 1458; x_wconf 89' lang='lat' dir='ltr'>ponebant,</span> <span class='ocrx_word' id='word_1_94' title='bbox 695 1372 854 1458; x_wconf 90' lang='lat' dir='ltr'>dispositis</span> <span class='ocrx_word' id='word_1_95' title='bbox 863 1372 1064 1457; x_wconf 85' lang='lat' dir='ltr'>exploratori-</span> 
     </span>
     <span class='ocr_line' id='line_1_14' title="bbox 120 1463 1064 1553; baseline 0.004 -24"><span class='ocrx_word' id='word_1_96' title='bbox 120 1463 241 1531; x_wconf 87' lang='lat' dir='ltr'>necubi</span> <span class='ocrx_word' id='word_1_97' title='bbox 258 1465 370 1532; x_wconf 87' lang='lat' dir='ltr'>effecto</span> <span class='ocrx_word' id='word_1_98' title='bbox 387 1478 482 1553; x_wconf 88' lang='lat' dir='ltr'>ponte</span> <span class='ocrx_word' id='word_1_99' title='bbox 494 1467 630 1533; x_wconf 86' lang='lat' dir='ltr'>Romani</span> <span class='ocrx_word' id='word_1_100' title='bbox 647 1466 752 1552; x_wconf 88' lang='lat' dir='ltr'>copias</span> <span class='ocrx_word' id='word_1_101' title='bbox 766 1466 970 1532; x_wconf 86' lang='lat' dir='ltr'>traducerent.</span> <span class='ocrx_word' id='word_1_102' title='bbox 998 1476 1064 1533; x_wconf 90' lang='lat' dir='ltr'>erat</span> 
     </span>
     <span class='ocr_line' id='line_1_15' title="bbox 90 1558 1062 1646; baseline 0.005 -24"><span class='ocrx_word' id='word_1_103' title='bbox 90 1559 210 1646; x_wconf 78' lang='lat' dir='ltr'>magnis</span> <span class='ocrx_word' id='word_1_104' title='bbox 228 1558 373 1626; x_wconf 87' lang='lat' dir='ltr'>Caesaris</span> <span class='ocrx_word' id='word_1_105' title='bbox 392 1560 627 1627; x_wconf 86' lang='lat' dir='ltr'>difficultatibus</span> <span class='ocrx_word' id='word_1_106' title='bbox 640 1582 700 1638; x_wconf 91' lang='lat' dir='ltr'>res,</span> <span class='ocrx_word' id='word_1_107' title='bbox 719 1581 760 1625; x_wconf 90' lang='lat' dir='ltr'>ne</span> <span class='ocrx_word' id='word_1_108' title='bbox 773 1560 921 1626; x_wconf 88' lang='lat' dir='ltr'>maiorem</span> <span class='ocrx_word' id='word_1_109' title='bbox 935 1562 1062 1628; x_wconf 88' lang='lat' dir='ltr'>aestatis</span> 
     </span>
     <span class='ocr_line' id='line_1_16' title="bbox 179 1652 1063 1740; baseline 0.002 -22"><span class='ocrx_word' id='word_1_110' title='bbox 179 1652 310 1718; x_wconf 88' lang='lat' dir='ltr'>flumine</span> <span class='ocrx_word' id='word_1_111' title='bbox 331 1654 546 1740; x_wconf 89' lang='lat' dir='ltr'>impediretur,</span> <span class='ocrx_word' id='word_1_112' title='bbox 574 1654 658 1738; x_wconf 92' lang='lat' dir='ltr'>quod</span> <span class='ocrx_word' id='word_1_113' title='bbox 680 1676 744 1720; x_wconf 93' lang='lat' dir='ltr'>non</span> <span class='ocrx_word' id='word_1_114' title='bbox 764 1654 830 1720; x_wconf 91' lang='lat' dir='ltr'>fere</span> <span class='ocrx_word' id='word_1_115' title='bbox 852 1665 923 1721; x_wconf 91' lang='lat' dir='ltr'>ante</span> <span class='ocrx_word' id='word_1_116' title='bbox 941 1664 1063 1720; x_wconf 89' lang='lat' dir='ltr'>autum-</span> 
     </span>
     <span class='ocr_line' id='line_1_17' title="bbox 71 1745 1061 1833; baseline 0.004 -21"><span class='ocrx_word' id='word_1_117' title='bbox 71 1824 73 1829; x_wconf 38' lang='grc'>,</span> <span class='ocrx_word' id='word_1_118' title='bbox 125 1745 251 1812; x_wconf 84' lang='lat' dir='ltr'>Elaver</span> <span class='ocrx_word' id='word_1_119' title='bbox 267 1748 348 1813; x_wconf 89' lang='lat' dir='ltr'>vado</span> <span class='ocrx_word' id='word_1_120' title='bbox 366 1748 489 1814; x_wconf 88' lang='lat' dir='ltr'>transiri</span> <span class='ocrx_word' id='word_1_121' title='bbox 507 1749 595 1815; x_wconf 89' lang='lat' dir='ltr'>solet.</span> <span class='ocrx_word' id='word_1_122' title='bbox 639 1748 758 1833; x_wconf 87' lang='lat' dir='ltr'>itaque,</span> <span class='ocrx_word' id='word_1_123' title='bbox 786 1770 826 1814; x_wconf 90' lang='lat' dir='ltr'>ne</span> <span class='ocrx_word' id='word_1_124' title='bbox 847 1748 881 1814; x_wconf 92' lang='lat' dir='ltr'>id</span> <span class='ocrx_word' id='word_1_125' title='bbox 898 1750 1061 1830; x_wconf 86' lang='lat' dir='ltr'>accideret,</span> 
     </span>
     <span class='ocr_line' id='line_1_18' title="bbox 71 1840 1062 1931; baseline 0.003 -23"><span class='ocrx_word' id='word_1_126' title='bbox 71 1840 265 1921; x_wconf 74' lang='lat' dir='ltr'>castriloco</span> <span class='ocrx_word' id='word_1_127' title='bbox 287 1842 397 1909; x_wconf 86' lang='lat' dir='ltr'>castris</span> <span class='ocrx_word' id='word_1_128' title='bbox 419 1845 531 1930; x_wconf 92' lang='lat' dir='ltr'>positis</span> <span class='ocrx_word' id='word_1_129' title='bbox 553 1866 571 1909; x_wconf 92' lang='lat' dir='ltr'>e</span> <span class='ocrx_word' id='word_1_130' title='bbox 592 1843 721 1930; x_wconf 84' lang='lat' dir='ltr'>regione</span> <span class='ocrx_word' id='word_1_131' title='bbox 742 1843 835 1910; x_wconf 93' lang='lat' dir='ltr'>unius</span> <span class='ocrx_word' id='word_1_132' title='bbox 858 1866 966 1910; x_wconf 88' lang='lat' dir='ltr'>eorum</span> <span class='ocrx_word' id='word_1_133' title='bbox 983 1868 1062 1931; x_wconf 90' lang='lat' dir='ltr'>pon·</span> 
     </span>
     <span class='ocr_line' id='line_1_19' title="bbox 71 1935 1062 2025; baseline 0.004 -24"><span class='ocrx_word' id='word_1_134' title='bbox 71 1950 121 2015; x_wconf 70' lang='lat' dir='ltr'>tn,</span> <span class='ocrx_word' id='word_1_135' title='bbox 141 1957 226 2020; x_wconf 90' lang='lat' dir='ltr'>quos</span> <span class='ocrx_word' id='word_1_136' title='bbox 243 1935 483 2024; x_wconf 86' lang='lat' dir='ltr'>Vercingetorix</span> <span class='ocrx_word' id='word_1_137' title='bbox 498 1937 721 2004; x_wconf 88' lang='lat' dir='ltr'>rescindendos</span> <span class='ocrx_word' id='word_1_138' title='bbox 740 1950 917 2017; x_wconf 83' lang='lat' dir='ltr'>curaverat,</span> <span class='ocrx_word' id='word_1_139' title='bbox 937 1951 1062 2025; x_wconf 89' lang='lat' dir='ltr'>postero</span> 
     </span>
     <span class='ocr_line' id='line_1_20' title="bbox 71 2029 1062 2119; baseline 0.006 -26"><span class='ocrx_word' id='word_1_140' title='bbox 71 2046 83 2091; x_wconf 71' lang='lat' dir='ltr'>a</span> <span class='ocrx_word' id='word_1_141' title='bbox 111 2052 188 2097; x_wconf 88' lang='lat' dir='ltr'>cum</span> <span class='ocrx_word' id='word_1_142' title='bbox 215 2029 338 2098; x_wconf 90' lang='lat' dir='ltr'>duabus</span> <span class='ocrx_word' id='word_1_143' title='bbox 362 2033 541 2119; x_wconf 85' lang='lat' dir='ltr'>legionibus</span> <span class='ocrx_word' id='word_1_144' title='bbox 567 2032 601 2098; x_wconf 91' lang='lat' dir='ltr'>in</span> <span class='ocrx_word' id='word_1_145' title='bbox 626 2032 748 2098; x_wconf 89' lang='lat' dir='ltr'>occulto</span> <span class='ocrx_word' id='word_1_146' title='bbox 773 2034 900 2111; x_wconf 89' lang='lat' dir='ltr'>restitit;</span> <span class='ocrx_word' id='word_1_147' title='bbox 926 2033 1062 2118; x_wconf 89' lang='lat' dir='ltr'>reliquas</span> 
     </span>
     <span class='ocr_line' id='line_1_21' title="bbox 71 2123 1062 2212; baseline 0.002 -22"><span class='ocrx_word' id='word_1_148' title='bbox 71 2123 143 2209; x_wconf 86' lang='lat' dir='ltr'>pias</span> <span class='ocrx_word' id='word_1_149' title='bbox 163 2147 237 2191; x_wconf 87' lang='lat' dir='ltr'>oum</span> <span class='ocrx_word' id='word_1_150' title='bbox 254 2125 399 2192; x_wconf 91' lang='lat' dir='ltr'>omnibus</span> <span class='ocrx_word' id='word_1_151' title='bbox 416 2126 659 2212; x_wconf 84' lang='lat' dir='ltr'>impedimentis,</span> <span class='ocrx_word' id='word_1_152' title='bbox 678 2136 714 2189; x_wconf 91' lang='lat' dir='ltr'>ut</span> <span class='ocrx_word' id='word_1_153' title='bbox 731 2136 948 2205; x_wconf 88' lang='lat' dir='ltr'>consueverat,</span> <span class='ocrx_word' id='word_1_154' title='bbox 966 2127 1062 2206; x_wconf 89' lang='lat' dir='ltr'>misit,</span> 
     </span>
     <span class='ocr_line' id='line_1_22' title="bbox 71 2218 1063 2306; baseline 0.001 -22"><span class='ocrx_word' id='word_1_155' title='bbox 71 2219 160 2304; x_wconf 80' lang='lat' dir='ltr'>ptis*</span> <span class='ocrx_word' id='word_1_156' title='bbox 179 2218 371 2303; x_wconf 91' lang='lat' dir='ltr'>quibusdam</span> <span class='ocrx_word' id='word_1_157' title='bbox 384 2221 573 2298; x_wconf 88' lang='lat' dir='ltr'>cohortibus,</span> <span class='ocrx_word' id='word_1_158' title='bbox 592 2220 638 2285; x_wconf 91' lang='lat' dir='ltr'>uti</span> <span class='ocrx_word' id='word_1_159' title='bbox 654 2240 802 2285; x_wconf 87' lang='lat' dir='ltr'>numerus</span> <span class='ocrx_word' id='word_1_160' title='bbox 815 2218 976 2306; x_wconf 91' lang='lat' dir='ltr'>legionum</span> <span class='ocrx_word' id='word_1_161' title='bbox 989 2242 1063 2285; x_wconf 90' lang='lat' dir='ltr'>con·</span> 
     </span>
     <span class='ocr_line' id='line_1_23' title="bbox 71 2313 1063 2401; baseline 0.001 -22"><span class='ocrx_word' id='word_1_162' title='bbox 71 2332 121 2379; x_wconf 72' lang='lat' dir='ltr'>ure</span> <span class='ocrx_word' id='word_1_163' title='bbox 143 2313 310 2380; x_wconf 90' lang='lat' dir='ltr'>videretur.</span> <span class='ocrx_word' id='word_1_164' title='bbox 357 2314 407 2382; x_wconf 92' lang='lat' dir='ltr'>his</span> <span class='ocrx_word' id='word_1_165' title='bbox 430 2337 524 2400; x_wconf 89' lang='lat' dir='ltr'>quam</span> <span class='ocrx_word' id='word_1_166' title='bbox 550 2314 734 2401; x_wconf 84' lang='lat' dir='ltr'>longissime</span> <span class='ocrx_word' id='word_1_167' title='bbox 762 2327 892 2400; x_wconf 85' lang='lat' dir='ltr'>possent</span> <span class='ocrx_word' id='word_1_168' title='bbox 917 2314 1063 2401; x_wconf 88' lang='lat' dir='ltr'>progredi</span> 
     </span>
     <span class='ocr_line' id='line_1_24' title="bbox 71 2406 1063 2496; baseline 0.002 -23"><span class='ocrx_word' id='word_1_169' title='bbox 71 2406 148 2487; x_wconf 75' lang='lat' dir='ltr'>usis,</span> <span class='ocrx_word' id='word_1_170' title='bbox 176 2429 249 2473; x_wconf 87' lang='lat' dir='ltr'>oum</span> <span class='ocrx_word' id='word_1_171' title='bbox 266 2409 329 2474; x_wconf 92' lang='lat' dir='ltr'>iam</span> <span class='ocrx_word' id='word_1_172' title='bbox 348 2432 388 2476; x_wconf 92' lang='lat' dir='ltr'>ex</span> <span class='ocrx_word' id='word_1_173' title='bbox 410 2410 472 2475; x_wconf 91' lang='lat' dir='ltr'>diei</span> <span class='ocrx_word' id='word_1_174' title='bbox 494 2420 633 2496; x_wconf 92' lang='lat' dir='ltr'>tempore</span> <span class='ocrx_word' id='word_1_175' title='bbox 655 2410 862 2476; x_wconf 85' lang='lat' dir='ltr'>coniecturam</span> <span class='ocrx_word' id='word_1_176' title='bbox 886 2420 1010 2496; x_wconf 87' lang='lat' dir='ltr'>ceperat</span> <span class='ocrx_word' id='word_1_177' title='bbox 1030 2411 1063 2475; x_wconf 92' lang='lat' dir='ltr'>in</span> 
     </span>
     <span class='ocr_line' id='line_1_25' title="bbox 71 2503 1064 2590; baseline 0.003 -23"><span class='ocrx_word' id='word_1_178' title='bbox 71 2508 142 2576; x_wconf 60' lang='lat' dir='ltr'>ntra</span> <span class='ocrx_word' id='word_1_179' title='bbox 162 2512 360 2588; x_wconf 87' lang='lat' dir='ltr'>perventum,</span> <span class='ocrx_word' id='word_1_180' title='bbox 387 2505 489 2570; x_wconf 91' lang='lat' dir='ltr'>isdem</span> <span class='ocrx_word' id='word_1_181' title='bbox 512 2504 656 2584; x_wconf 89' lang='lat' dir='ltr'>sublicis,</span> <span class='ocrx_word' id='word_1_182' title='bbox 683 2526 816 2589; x_wconf 89' lang='lat' dir='ltr'>quarum</span> <span class='ocrx_word' id='word_1_183' title='bbox 841 2526 914 2590; x_wconf 90' lang='lat' dir='ltr'>pars</span> <span class='ocrx_word' id='word_1_184' title='bbox 935 2503 1064 2570; x_wconf 86' lang='lat' dir='ltr'>inferior</span> 
     </span>
     <span class='ocr_line' id='line_1_26' title="bbox 71 2597 1063 2685; baseline 0.005 -26"><span class='ocrx_word' id='word_1_185' title='bbox 71 2600 161 2682; x_wconf 68' lang='lat' dir='ltr'>tegra</span> <span class='ocrx_word' id='word_1_186' title='bbox 171 2597 361 2677; x_wconf 86' lang='lat' dir='ltr'>remanebat,</span> <span class='ocrx_word' id='word_1_187' title='bbox 379 2607 508 2685; x_wconf 90' lang='lat' dir='ltr'>pontem</span> <span class='ocrx_word' id='word_1_188' title='bbox 520 2598 648 2665; x_wconf 85' lang='lat' dir='ltr'>reficere</span> <span class='ocrx_word' id='word_1_189' title='bbox 661 2598 772 2684; x_wconf 78' lang='lat' dir='ltr'>coepit</span> <span class='ocrx_word' id='word_1_190' title='bbox 800 2597 939 2665; x_wconf 88' lang='lat' dir='ltr'>celeriter</span> <span class='ocrx_word' id='word_1_191' title='bbox 952 2598 1063 2664; x_wconf 87' lang='lat' dir='ltr'>effecto</span> 
     </span>
     <span class='ocr_line' id='line_1_27' title="bbox 71 2689 1063 2779; baseline 0.003 -24"><span class='ocrx_word' id='word_1_192' title='bbox 71 2704 134 2771; x_wconf 64' lang='lat' dir='ltr'>pere</span> <span class='ocrx_word' id='word_1_193' title='bbox 154 2689 394 2779; x_wconf 88' lang='lat' dir='ltr'>legionibusque</span> <span class='ocrx_word' id='word_1_194' title='bbox 415 2692 565 2758; x_wconf 88' lang='lat' dir='ltr'>traductis</span> <span class='ocrx_word' id='word_1_195' title='bbox 588 2701 620 2757; x_wconf 92' lang='lat' dir='ltr'>et</span> <span class='ocrx_word' id='word_1_196' title='bbox 640 2691 711 2759; x_wconf 89' lang='lat' dir='ltr'>loco</span> <span class='ocrx_word' id='word_1_197' title='bbox 737 2693 847 2758; x_wconf 88' lang='lat' dir='ltr'>castris</span> <span class='ocrx_word' id='word_1_198' title='bbox 874 2692 987 2758; x_wconf 91' lang='lat' dir='ltr'>idoneo</span> <span class='ocrx_word' id='word_1_199' title='bbox 1009 2692 1063 2773; x_wconf 80' lang='lat' dir='ltr'>de-</span> 
     </span>
     <span class='ocr_line' id='line_1_28' title="bbox 71 2784 1061 2876; baseline 0.002 -25"><span class='ocrx_word' id='word_1_200' title='bbox 71 2789 122 2867; x_wconf 59' lang='lat' dir='ltr'>lvio</span> <span class='ocrx_word' id='word_1_201' title='bbox 136 2784 272 2868; x_wconf 86' lang='lat' dir='ltr'>reliquas</span> <span class='ocrx_word' id='word_1_202' title='bbox 291 2787 397 2872; x_wconf 89' lang='lat' dir='ltr'>copias</span> <span class='ocrx_word' id='word_1_203' title='bbox 414 2786 582 2853; x_wconf 88' lang='lat' dir='ltr'>revocavit.</span> <span class='ocrx_word' id='word_1_204' title='bbox 618 2785 858 2874; x_wconf 89' lang='lat' dir='ltr'>Vercingetorix</span> <span class='ocrx_word' id='word_1_205' title='bbox 874 2810 908 2853; x_wconf 92' lang='lat' dir='ltr'>re</span> <span class='ocrx_word' id='word_1_206' title='bbox 926 2787 1061 2876; x_wconf 87' lang='lat' dir='ltr'>cognita,</span> 
     </span>
     <span class='ocr_line' id='line_1_29' title="bbox 71 2880 1061 2981; baseline 0.002 -37"><span class='ocrx_word' id='word_1_207' title='bbox 71 2888 210 2981; x_wconf 58' lang='lat' dir='ltr'>pennus</span> <span class='ocrx_word' id='word_1_208' title='bbox 231 2903 321 2946; x_wconf 89' lang='lat' dir='ltr'>suam</span> <span class='ocrx_word' id='word_1_209' title='bbox 344 2882 536 2947; x_wconf 83' lang='lat' dir='ltr'>voluntatem</span> <span class='ocrx_word' id='word_1_210' title='bbox 558 2880 707 2947; x_wconf 88' lang='lat' dir='ltr'>dimicare</span> <span class='ocrx_word' id='word_1_211' title='bbox 734 2892 910 2968; x_wconf 90' lang='lat' dir='ltr'>cogeretur,</span> <span class='ocrx_word' id='word_1_212' title='bbox 937 2882 1061 2970; x_wconf 90' lang='lat' dir='ltr'>magnis</span> 
     </span>
     <span class='ocr_line' id='line_1_30' title="bbox 71 2972 1113 3061; baseline 0.002 -20"><span class='ocrx_word' id='word_1_213' title='bbox 71 2972 200 3041; x_wconf 65' lang='lat' dir='ltr'>meabas</span> <span class='ocrx_word' id='word_1_214' title='bbox 223 2976 400 3042; x_wconf 85' lang='lat' dir='ltr'>antecessit</span> <span class='ocrx_word' id='word_1_215' title='bbox 445 2973 565 3042; x_wconf 87' lang='lat' dir='ltr'>Caesar</span> <span class='ocrx_word' id='word_1_216' title='bbox 587 2996 627 3040; x_wconf 89' lang='lat' dir='ltr'>ex</span> <span class='ocrx_word' id='word_1_217' title='bbox 649 2996 688 3041; x_wconf 91' lang='lat' dir='ltr'>eo</span> <span class='ocrx_word' id='word_1_218' title='bbox 713 2975 783 3041; x_wconf 92' lang='lat' dir='ltr'>loco</span> <span class='ocrx_word' id='word_1_219' title='bbox 810 2976 926 3061; x_wconf 91' lang='lat' dir='ltr'>quintis</span> <span class='ocrx_word' id='word_1_220' title='bbox 952 2976 1113 3043; x_wconf 74' lang='lat' dir='ltr'>assuisse</span> 
     </span>
     <span class='ocr_line' id='line_1_31' title="bbox 71 3044 1062 3156; baseline 0 -22"><span class='ocrx_word' id='word_1_221' title='bbox 71 3044 234 3154; x_wconf 74' lang='lat' dir='ltr'>lugoviam</span> <span class='ocrx_word' id='word_1_222' title='bbox 251 3071 392 3156; x_wconf 88' lang='lat' dir='ltr'>pervenit</span> <span class='ocrx_word' id='word_1_223' title='bbox 409 3070 608 3156; x_wconf 91' lang='lat' dir='ltr'>equestrique</span> <span class='ocrx_word' id='word_1_224' title='bbox 625 3070 743 3156; x_wconf 91' lang='lat' dir='ltr'>proelio</span> <span class='ocrx_word' id='word_1_225' title='bbox 762 3092 799 3136; x_wconf 91' lang='lat' dir='ltr'>eo</span> <span class='ocrx_word' id='word_1_226' title='bbox 822 3071 872 3134; x_wconf 92' lang='lat' dir='ltr'>die</span> <span class='ocrx_word' id='word_1_227' title='bbox 889 3070 951 3135; x_wconf 93' lang='lat' dir='ltr'>levi</span> <span class='ocrx_word' id='word_1_228' title='bbox 967 3070 1062 3147; x_wconf 89' lang='lat' dir='ltr'>facto,</span> 
     </span>
     <span class='ocr_line' id='line_1_32' title="bbox 71 3163 1063 3251; baseline 0 -23"><span class='ocrx_word' id='word_1_229' title='bbox 71 3170 204 3249; x_wconf 67' lang='lat' dir='ltr'>‚llrspecto</span> <span class='ocrx_word' id='word_1_230' title='bbox 220 3163 307 3230; x_wconf 90' lang='lat' dir='ltr'>urbis</span> <span class='ocrx_word' id='word_1_231' title='bbox 327 3165 398 3244; x_wconf 85' lang='lat' dir='ltr'>situ,</span> <span class='ocrx_word' id='word_1_232' title='bbox 417 3186 498 3249; x_wconf 91' lang='lat' dir='ltr'>quae</span> <span class='ocrx_word' id='word_1_233' title='bbox 510 3165 613 3251; x_wconf 88' lang='lat' dir='ltr'>posita</span> <span class='ocrx_word' id='word_1_234' title='bbox 626 3165 659 3230; x_wconf 90' lang='lat' dir='ltr'>in</span> <span class='ocrx_word' id='word_1_235' title='bbox 676 3163 828 3230; x_wconf 90' lang='lat' dir='ltr'>altissimo</span> <span class='ocrx_word' id='word_1_236' title='bbox 844 3172 949 3228; x_wconf 89' lang='lat' dir='ltr'>moute</span> <span class='ocrx_word' id='word_1_237' title='bbox 962 3163 1063 3228; x_wconf 89' lang='lat' dir='ltr'>omnis</span> 
     </span>
     <span class='ocr_line' id='line_1_33' title="bbox 71 3242 1063 3345; baseline 0 -22"><span class='ocrx_word' id='word_1_238' title='bbox 71 3242 142 3323; x_wconf 68' lang='lat' dir='ltr'>litus</span> <span class='ocrx_word' id='word_1_239' title='bbox 162 3255 305 3324; x_wconf 87' lang='lat' dir='ltr'>difficiles</span> <span class='ocrx_word' id='word_1_240' title='bbox 323 3258 473 3338; x_wconf 89' lang='lat' dir='ltr'>habebat,</span> <span class='ocrx_word' id='word_1_241' title='bbox 497 3260 537 3325; x_wconf 92' lang='lat' dir='ltr'>de</span> <span class='ocrx_word' id='word_1_242' title='bbox 555 3259 785 3345; x_wconf 87' lang='lat' dir='ltr'>expugnatione</span> <span class='ocrx_word' id='word_1_243' title='bbox 808 3256 1001 3343; x_wconf 88' lang='lat' dir='ltr'>desperavit,</span> <span class='ocrx_word' id='word_1_244' title='bbox 1023 3258 1063 3323; x_wconf 92' lang='lat' dir='ltr'>de</span> 
     </span>
     <span class='ocr_line' id='line_1_34' title="bbox 71 3331 1064 3442; baseline 0.005 -29"><span class='ocrx_word' id='word_1_245' title='bbox 71 3331 224 3418; x_wconf 74' lang='lat' dir='ltr'>laessione</span> <span class='ocrx_word' id='word_1_246' title='bbox 241 3375 305 3418; x_wconf 92' lang='lat' dir='ltr'>non</span> <span class='ocrx_word' id='word_1_247' title='bbox 321 3354 409 3439; x_wconf 88' lang='lat' dir='ltr'>prius</span> <span class='ocrx_word' id='word_1_248' title='bbox 427 3354 584 3442; x_wconf 88' lang='lat' dir='ltr'>agendum</span> <span class='ocrx_word' id='word_1_249' title='bbox 603 3352 775 3431; x_wconf 89' lang='lat' dir='ltr'>constituit,</span> <span class='ocrx_word' id='word_1_250' title='bbox 798 3372 893 3435; x_wconf 92' lang='lat' dir='ltr'>quam</span> <span class='ocrx_word' id='word_1_251' title='bbox 913 3373 980 3417; x_wconf 91' lang='lat' dir='ltr'>rem</span> <span class='ocrx_word' id='word_1_252' title='bbox 997 3352 1064 3418; x_wconf 83' lang='lat' dir='ltr'>lru-</span> 
     </span>
     <span class='ocr_line' id='line_1_35' title="bbox 71 3445 1065 3535; baseline 0.004 -24"><span class='ocrx_word' id='word_1_253' title='bbox 71 3445 223 3512; x_wconf 74' lang='lat' dir='ltr'>mariam</span> <span class='ocrx_word' id='word_1_254' title='bbox 241 3447 430 3533; x_wconf 88' lang='lat' dir='ltr'>expedisset.</span> <span class='ocrx_word' id='word_1_255' title='bbox 461 3458 494 3513; x_wconf 88' lang='lat' dir='ltr'>at</span> <span class='ocrx_word' id='word_1_256' title='bbox 510 3446 749 3535; x_wconf 88' lang='lat' dir='ltr'>Vercingetorix</span> <span class='ocrx_word' id='word_1_257' title='bbox 766 3445 875 3511; x_wconf 84' lang='lat' dir='ltr'>castris</span> <span class='ocrx_word' id='word_1_258' title='bbox 893 3468 990 3534; x_wconf 91' lang='lat' dir='ltr'>prope</span> <span class='ocrx_word' id='word_1_259' title='bbox 1008 3469 1065 3534; x_wconf 91' lang='lat' dir='ltr'>op-</span> 
     </span>
     <span class='ocr_line' id='line_1_36' title="bbox 71 3532 1062 3630; baseline 0.004 -25"><span class='ocrx_word' id='word_1_260' title='bbox 71 3532 148 3609; x_wconf 80' lang='lat' dir='ltr'>dum</span> <span class='ocrx_word' id='word_1_261' title='bbox 162 3539 211 3630; x_wconf 90' lang='lat' dir='ltr'>[in</span> <span class='ocrx_word' id='word_1_262' title='bbox 223 3540 345 3630; x_wconf 89' lang='lat' dir='ltr'>monte]</span> <span class='ocrx_word' id='word_1_263' title='bbox 360 3542 472 3630; x_wconf 92' lang='lat' dir='ltr'>positis</span> <span class='ocrx_word' id='word_1_264' title='bbox 490 3542 697 3607; x_wconf 89' lang='lat' dir='ltr'>mediocribus</span> <span class='ocrx_word' id='word_1_265' title='bbox 716 3543 832 3607; x_wconf 90' lang='lat' dir='ltr'>circum</span> <span class='ocrx_word' id='word_1_266' title='bbox 845 3562 879 3608; x_wconf 90' lang='lat' dir='ltr'>se</span> <span class='ocrx_word' id='word_1_267' title='bbox 891 3541 1062 3609; x_wconf 88' lang='lat' dir='ltr'>intervallis</span> 
     </span>
     <span class='ocr_line' id='line_1_37' title="bbox 71 3635 1064 3724; baseline 0 -21"><span class='ocrx_word' id='word_1_268' title='bbox 71 3637 206 3721; x_wconf 76' lang='lat' dir='ltr'>paratim</span> <span class='ocrx_word' id='word_1_269' title='bbox 222 3637 417 3724; x_wconf 87' lang='lat' dir='ltr'>singularum</span> <span class='ocrx_word' id='word_1_270' title='bbox 431 3637 603 3704; x_wconf 89' lang='lat' dir='ltr'>civitatium</span> <span class='ocrx_word' id='word_1_271' title='bbox 616 3635 722 3722; x_wconf 87' lang='lat' dir='ltr'>copias</span> <span class='ocrx_word' id='word_1_272' title='bbox 737 3635 950 3717; x_wconf 88' lang='lat' dir='ltr'>collocaverat,</span> <span class='ocrx_word' id='word_1_273' title='bbox 969 3649 1064 3720; x_wconf 90' lang='lat' dir='ltr'>atque</span> 
     </span>
     <span class='ocr_line' id='line_1_38' title="bbox 71 3730 1063 3820; baseline -0.003 -23"><span class='ocrx_word' id='word_1_274' title='bbox 71 3730 187 3798; x_wconf 83' lang='lat' dir='ltr'>unibus</span> <span class='ocrx_word' id='word_1_275' title='bbox 205 3731 274 3798; x_wconf 92' lang='lat' dir='ltr'>eius</span> <span class='ocrx_word' id='word_1_276' title='bbox 291 3731 358 3820; x_wconf 91' lang='lat' dir='ltr'>iugi</span> <span class='ocrx_word' id='word_1_277' title='bbox 376 3731 507 3799; x_wconf 90' lang='lat' dir='ltr'>collibus</span> <span class='ocrx_word' id='word_1_278' title='bbox 525 3730 698 3817; x_wconf 86' lang='lat' dir='ltr'>occupatis,</span> <span class='ocrx_word' id='word_1_279' title='bbox 717 3751 780 3814; x_wconf 88' lang='lat' dir='ltr'>qua</span> <span class='ocrx_word' id='word_1_280' title='bbox 797 3731 915 3818; x_wconf 88' lang='lat' dir='ltr'>despici</span> <span class='ocrx_word' id='word_1_281' title='bbox 931 3739 1063 3816; x_wconf 87' lang='lat' dir='ltr'>poterat,</span> 
     </span>
     <span class='ocr_line' id='line_1_39' title="bbox 71 3822 1066 3912; baseline 0.001 -25"><span class='ocrx_word' id='word_1_282' title='bbox 71 3823 221 3890; x_wconf 80' lang='lat' dir='ltr'>trribilem</span> <span class='ocrx_word' id='word_1_283' title='bbox 245 3825 381 3911; x_wconf 90' lang='lat' dir='ltr'>speciem</span> <span class='ocrx_word' id='word_1_284' title='bbox 402 3822 572 3912; x_wconf 89' lang='lat' dir='ltr'>praebebat</span> <span class='ocrx_word' id='word_1_285' title='bbox 592 3822 812 3909; x_wconf 90' lang='lat' dir='ltr'>principesque</span> <span class='ocrx_word' id='word_1_286' title='bbox 833 3847 939 3890; x_wconf 89' lang='lat' dir='ltr'>earum</span> <span class='ocrx_word' id='word_1_287' title='bbox 957 3824 1066 3889; x_wconf 88' lang='lat' dir='ltr'>civita-</span> 
     </span>
     <span class='ocr_line' id='line_1_40' title="bbox 71 3916 1063 4005; baseline 0 -20"><span class='ocrx_word' id='word_1_288' title='bbox 71 3939 126 3997; x_wconf 79' lang='lat' dir='ltr'>tm,</span> <span class='ocrx_word' id='word_1_289' title='bbox 135 3940 216 4003; x_wconf 91' lang='lat' dir='ltr'>quos</span> <span class='ocrx_word' id='word_1_290' title='bbox 226 3917 286 3985; x_wconf 88' lang='lat' dir='ltr'>sibi</span> <span class='ocrx_word' id='word_1_291' title='bbox 295 3919 337 3985; x_wconf 90' lang='lat' dir='ltr'>ad</span> <span class='ocrx_word' id='word_1_292' title='bbox 344 3921 508 3987; x_wconf 88' lang='lat' dir='ltr'>consilium</span> <span class='ocrx_word' id='word_1_293' title='bbox 517 3916 702 4005; x_wconf 89' lang='lat' dir='ltr'>capiendum</span> <span class='ocrx_word' id='word_1_294' title='bbox 711 3918 876 4005; x_wconf 87' lang='lat' dir='ltr'>delegerat,</span> <span class='ocrx_word' id='word_1_295' title='bbox 886 3918 986 4003; x_wconf 89' lang='lat' dir='ltr'>prima</span> <span class='ocrx_word' id='word_1_296' title='bbox 993 3917 1063 3985; x_wconf 89' lang='lat' dir='ltr'>luce</span> 
     </span>
    </p>
   </div>
   <div class='ocr_carea' id='block_1_3' title="bbox 71 4011 1063 4160">
    <p class='ocr_par' dir='ltr' id='par_1_3' title="bbox 71 4011 1063 4160">
     <span class='ocr_line' id='line_1_41' title="bbox 71 4011 1063 4159; baseline 0.003 -84"><span class='ocrx_word' id='word_1_297' title='bbox 71 4013 153 4079; x_wconf 72' lang='lat' dir='ltr'>»tidie</span> <span class='ocrx_word' id='word_1_298' title='bbox 167 4011 210 4080; x_wconf 89' lang='lat' dir='ltr'>ad</span> <span class='ocrx_word' id='word_1_299' title='bbox 224 4035 258 4080; x_wconf 93' lang='lat' dir='ltr'>se</span> <span class='ocrx_word' id='word_1_300' title='bbox 271 4015 437 4083; x_wconf 91' lang='lat' dir='ltr'>convenire</span> <span class='ocrx_word' id='word_1_301' title='bbox 449 4011 587 4094; x_wconf 91' lang='lat' dir='ltr'>iubebat,</span> <span class='ocrx_word' id='word_1_302' title='bbox 606 4035 662 4080; x_wconf 91' lang='lat' dir='ltr'>seu</span> <span class='ocrx_word' id='word_1_303' title='bbox 675 4013 752 4098; x_wconf 90' lang='lat' dir='ltr'>quid</span> <span class='ocrx_word' id='word_1_304' title='bbox 761 4012 1063 4159; x_wconf 68' lang='lat' dir='ltr'>commupicandum,</span> 
     </span>
     <span class='ocr_line' id='line_1_42' title="bbox 89 4114 264 4160; baseline -0.011 1"><span class='ocrx_word' id='word_1_305' title='bbox 89 4114 158 4160; x_wconf 63' lang='lat' dir='ltr'>Mus</span> <span class='ocrx_word' id='word_1_306' title='bbox 174 4115 264 4160; x_wconf 75' lang='lat' dir='ltr'>cosm.</span> 
     </span>
    </p>
   </div>
   <div class='ocr_carea' id='block_1_4' title="bbox 0 0 1213 4336">
    <p class='ocr_par' dir='ltr' id='par_1_4' title="bbox 0 0 1213 4336">
     <span class='ocr_line' id='line_1_43' title="bbox 0 0 1213 4336; baseline 0 0"><span class='ocrx_word' id='word_1_307' title='bbox 0 0 1213 4336; x_wconf 95' lang='lat' dir='ltr'> </span> 
     </span>
    </p>
   </div>
  </div>
 </body>
</html>
