2414 4336
345 222 667 284 commutes-es.
953 213 1011 280 111

75 348 138 415 ‚bus
154 349 189 414 in
201 347 327 414 milibus
339 372 490 436 passuum
503 349 602 416 tribus
615 348 732 416 offendi
743 357 860 436 posset,
879 349 1016 436 quinque

75 452 138 510 rtes
164 443 388 509 frumentatum
412 444 446 508 in
470 444 629 530 proximas
656 452 779 530 segetes
805 442 911 524 mittit,
938 465 1016 530 quas

100 546 132 603 et
153 545 256 603 castra
275 559 357 603 unus
384 538 510 604 omnino
532 537 620 605 collis
640 537 795 604 intererat.
839 537 1015 625 complures

75 631 133 696 tin
151 631 261 698 castris
281 653 322 697 ex
337 631 514 719 legionibus
532 631 618 722 aegri
634 631 747 711 relicti;
774 630 944 716 exquibus
963 633 1018 716 qui

75 727 175 813 spatio
189 725 310 792 dierum
323 727 554 806 convaluerant,
573 726 693 793 circiter
707 724 806 806 000,
825 726 884 793 sub
901 726 1016 793 vexillo

75 822 244 901 mittuntur3
262 844 377 910 magna
384 832 545 908 praeterea
552 823 717 888 multitudo
730 821 883 901 calonum,
901 845 1017 910 magna

75 924 275 994 umentorum,
294 938 374 1000 quae
387 917 420 982 in
434 916 543 983 castris
558 915 750 994 subsederat,
767 915 852 982 facta
862 923 1015 1003 potestate

75 1009 146 1074 itur.
190 1009 251 1075 hoc
267 1009 337 1096 ipso
354 1019 493 1097 tempore
515 1020 546 1077 et
567 1033 643 1076 casu
662 1007 811 1077 Germani
828 1010 948 1095 equites
968 1010 1017 1076 in·
1034 1028 1066 1078 3⁷

75 1103 173 1167 >nient
193 1102 397 1190 protinusque
419 1104 530 1171 eodem
550 1104 618 1182 illo,
644 1125 707 1190 quo
734 1113 896 1183 venerant,
923 1125 1018 1171 eursu

75 1218 225 1262 ecumana
236 1205 327 1282 porta
338 1197 372 1261 in
384 1205 487 1263 castra
498 1197 668 1284 irrumpere
682 1206 840 1276 conantur,
859 1219 917 1262 nec
929 1195 1016 1283 prius

87 1290 149 1355 visi
165 1289 295 1357 obiectis
313 1290 353 1357 ab
372 1312 410 1357 ea
425 1300 514 1377 parte
532 1291 633 1369 silvis,
656 1313 751 1376 quam
773 1291 883 1357 castris
904 1313 1017 1378 appro-

75 1393 195 1463 uarent,
222 1405 322 1470 usque
338 1405 386 1461 eo,
403 1395 439 1451 ut
461 1386 517 1471 qui
536 1384 595 1452 sub
612 1385 695 1451 vallo
717 1385 878 1452 tenderent
898 1407 1016 1451 merca·

75 1504 77 1541 ι
95 1479 266 1566 recipiendi
283 1479 332 1547 sui
350 1479 529 1546 facrrltatem
546 1501 610 1546 non
626 1479 787 1546 haberent
818 1478 1015 1566 inopinantes

75 1573 96 1639 ri
112 1595 147 1639 re
163 1596 246 1638 nova
263 1576 496 1660 perturbantur,
520 1595 557 1640 ac
573 1574 629 1639 vix
645 1574 779 1660 primum
795 1573 947 1660 impetum
964 1594 1016 1639 co·

96 1667 130 1731 in
155 1668 287 1733 statione
316 1668 457 1734 sustinet.
506 1667 795 1735 circumfirnduntur
824 1690 864 1733 ex
887 1667 1015 1753 reliquis

75 1785 103 1827 es
122 1761 276 1848 partibus,
300 1762 438 1847 siquem
455 1762 573 1828 aditum
590 1763 724 1850 reperire
740 1771 878 1850 possent
922 1784 1016 1851 aegre

75 1879 103 1921 rs
129 1856 228 1922 nostri
249 1864 387 1935 tuentur,
412 1856 549 1942 reliquos
576 1857 679 1924 aditus
700 1856 789 1924 locus
814 1857 959 1944 ipseper
981 1879 1016 1923 se

75 1950 189 2034 itioque
206 1949 355 2017 defendit.
398 1951 471 2018 totis
489 1951 660 2038 trepidatur
677 1952 802 2030 caseis,
824 1960 918 2036 atque
935 1951 1015 2017 alius

75 2045 117 2110 lio
134 2067 261 2111 causam
278 2045 430 2111 tumrultus
448 2046 582 2129 quaerit3
603 2066 712 2130 neque
723 2066 786 2130 quo
804 2046 895 2132 signa
913 2045 1017 2112 feran-

82 2163 184 2225 neque
201 2161 296 2225 quam
312 2141 347 2206 in
362 2149 483 2227 partem
500 2139 632 2225 quisque
650 2140 826 2218 conveniat,
844 2140 1017 2226 provident.

75 2260 77 2296 ι
96 2235 159 2299 iam
177 2243 279 2301 casua
296 2242 388 2321 capta
404 2233 590 2320 pronuntiat,
610 2233 690 2300 alius
702 2233 803 2300 deleto
817 2234 954 2299 exercitu
971 2243 1018 2300 at·

76 2329 262 2415 imperatore
278 2329 410 2395 victores
428 2328 577 2395 barbaros
594 2327 719 2393 venisse
737 2327 908 2406 contendit3
924 2326 1017 2414 pleri·

86 2445 185 2488 novas
211 2422 272 2488 sibi
297 2444 337 2489 ex
361 2422 431 2489 loco
451 2422 618 2509 religiones
642 2421 765 2508 fingunt
787 2419 961 2506 Cottaeque
986 2431 1018 2487 et

75 2516 112 2582 rii
130 2517 345 2595 calamitatem,
365 2516 419 2602 qui
436 2517 470 2582 in
487 2517 601 2585 eodem,
611 2515 779 2582 occiderint
791 2514 927 2596 castello,
946 2524 1016 2582 ante

75 2633 107 2675 os
123 2620 252 2697 ponunt
297 2611 352 2676 tali
372 2610 483 2677 timore
501 2609 647 2678 omnibus
668 2609 836 2696 perterritis
854 2607 1019 2676 confirma·

75 2704 171 2790 >pinio
188 2703 342 2784 barbaris,
361 2713 397 2770 ut
414 2727 454 2770 ex
471 2705 594 2792 captivo
611 2705 787 2784 audierant,
808 2704 929 2771 nullum
947 2726 1017 2773 esse

75 2821 82 2863 r
99 2798 299 2884 praesidium.
342 2820 541 2885 perrumpere
557 2799 697 2865 nituntur
714 2819 810 2882 seque
826 2797 889 2884 ipsi
905 2797 1019 2865 adhor-

75 2915 116 2971 rr,
140 2914 180 2958 ne
202 2902 320 2958 tantam
341 2891 498 2959 fortunam
520 2914 560 2958 ex
576 2890 721 2957 manibus
745 2892 908 2958 dimittant.
953 2901 1020 2959 erat
1037 2908 1070 2961 st

75 3010 95 3050 r
114 2986 149 3052 in
169 2987 324 3072 praesidio
344 2986 475 3054 relictus¹
488 2985 621 3053 Publius
641 2983 768 3052 Sextius
784 2985 938 3064 Baculus,
964 2986 1020 3071 qui

75 3103 135 3145 rum
159 3081 258 3168 pilum
283 3082 324 3147 ad
351 3080 520 3148 Caesarem
545 3080 690 3159 duxerat,
716 3079 804 3145 cuius
829 3079 1019 3147 mentionem

75 3173 212 3241 rioribus
229 3175 354 3262 proeliis
372 3173 518 3253 fecimus,
545 3195 583 3240 ao
604 3174 687 3239 diem
704 3173 767 3239 iam
787 3172 932 3256 quintum
948 3172 1019 3240 cibo

75 3277 150 3335 erat.
193 3269 245 3335 hic
266 3269 388 3336 diffisus
411 3291 487 3336 suae
504 3276 598 3355 atque
616 3267 756 3334 omnium
778 3266 871 3333 saluti
891 3267 1018 3335 inermis

75 3362 264 3430 abernaculo
289 3363 406 3452 prodit:
436 3363 523 3429 videt
547 3362 710 3428 imminere
735 3361 842 3428 hostes
867 3371 961 3448 atque
985 3362 1019 3428 in

75 3478 124 3523 mo
141 3479 208 3524 rem
225 3480 295 3525 esse
313 3457 504 3524 discrimine:
522 3457 606 3543 capit
623 3479 710 3522 arma
727 3479 747 3522 a
762 3456 912 3543 proximis
925 3466 1018 3542 atque

75 3560 149 3618 orta
174 3552 322 3620 consistit.
366 3559 598 3636 consequuntur
622 3550 707 3615 hunc
734 3551 928 3618 centuriones
950 3551 1018 3617 eius

75 3646 150 3726 rtis,
177 3648 311 3732 quaein
332 3647 465 3714 statione
491 3654 570 3712 erate
595 3643 755 3733 paulisper
778 3667 842 3713 una
866 3643 1019 3734 proelium

75 3747 164 3808 nent.
211 3741 356 3826 relinquit
381 3741 504 3809 animus
532 3735 677 3808 Sextium
702 3740 851 3829 gravibus
881 3738 1017 3827 acceptis

76 3835 196 3904 eribus:
214 3858 306 3924 aegre
322 3859 378 3924 per
395 3857 507 3903 manus
524 3843 640 3902 tractus
659 3844 809 3902 servatur.
843 3833 904 3901 hoc
917 3833 1019 3922 spatio

75 3932 183 4018 posito
199 3931 310 4018 reliqui
326 3952 397 3999 sese
414 3929 597 3999 confirmant
613 3938 749 4008 tantum,
771 3938 807 3996 nt
822 3927 857 3996 in
872 3929 1019 3997 munitio-

75 4038 269 4094 sconsrstere
277 4027 416 4096 audeant
425 4025 631 4120 speciemque
638 4021 1041 4113 delapsumqueuwe
