2414 4336
352 206 471 266 COMM.
488 209 523 268 V.
541 209 661 266 38-42.
978 197 1018 264 87

10 352 58 400 es
83 340 290 412 sustentatur,
318 335 404 418 quod
425 356 550 399 omnem
573 356 662 421 spem
683 335 791 401 hostes
808 334 843 400 in
864 334 1020 403 celeritate

10 429 155 496 mebant
181 437 274 514 atque
295 428 378 494 hanc
400 429 505 515 adepti
526 431 688 495 victoriam
713 430 747 495 in
772 438 958 516 perpetuum
985 453 1020 496 se

10 544 60 597 ιθ
82 524 220 590 victores
243 523 449 589 confidebant.
497 523 662 590 mittuntur
687 525 728 592 ad
751 524 921 592 Caesarem
946 548 1021 591 oon·
1037 545 1071 594 4ο

10 614 100 719 ξὲἱω
117 619 159 686 ab
179 616 331 685 Cicerone
348 618 469 684 litterae
486 620 610 706 magnis
628 620 796 706 propositis
813 622 974 707 praemiis,
993 621 1021 688 si

10 713 204 797 &tulissent
250 712 387 779 obsessis
409 712 555 779 omnibus
577 715 636 780 viis
659 715 748 781 missi
773 715 1019 802 intercipiuntur.

10 796 90 973 {tu
106 830 149 874 ex
165 807 304 886 materia,
323 829 419 892 quam
436 808 617 874 munitionis
632 831 728 875 causa
741 819 1019 896 comportaverant,

37 908 95 968 'es
122 902 293 968 admodum
321 899 425 968 CXX
451 903 625 968 excitantur
649 903 824 970 incredibili
850 904 1020 986 celeritate3

41 1064 44 1069 ,
92 996 205 1062 deesse
223 997 310 1083 operi
327 995 521 1076 videbantur,
539 997 749 1083 perficiuntur.
776 998 883 1066 hostes
896 1009 1020 1087 postero

64 1091 163 1157 multo
180 1090 350 1157 maioribus
370 1092 484 1157 coactis
504 1092 601 1178 copiis
621 1101 723 1158 castra
741 1104 937 1182 oppugnant,
956 1095 1022 1161 fos-

82 1187 250 1273 oomplent
296 1187 406 1252 eadem
422 1187 551 1265 ratione,
569 1209 633 1271 qua
649 1188 762 1273 pridie,
781 1188 822 1255 ab
840 1191 956 1257 nostris
973 1212 1022 1256 re·

56 1281 125 1350 tur.
148 1283 209 1349 hoo
225 1283 310 1348 idem
328 1284 476 1369 deinceps
493 1283 622 1368 reliquis
639 1282 674 1348 fit
692 1283 813 1351 diebus.
844 1285 931 1351 nulla
947 1308 1021 1372 pars

33 1374 36 1381 ’
126 1379 136 1394 ’
164 1379 313 1466 temporis
335 1379 376 1444 ad
401 1377 541 1445 laborem
565 1378 792 1457 intermittitur3
817 1401 881 1445 non
907 1382 1020 1467 aegris,

73 1474 246 1540 vulneratis
264 1473 399 1538 facultas
412 1473 526 1558 quietis
540 1473 640 1538 datur.
667 1493 883 1558 quaecumque
896 1475 937 1538 ad
949 1495 1022 1560 pro-

10 1544 71 1634 bni
88 1569 152 1635 diei
170 1569 436 1656 oppugnationem
459 1590 538 1654 opus
558 1576 644 1646 sunt,
671 1576 767 1633 noctu
788 1578 1020 1654 comparantur3

10 1658 111 1728 miae
127 1671 294 1749 praeustae
313 1662 417 1741 sudes,
436 1684 571 1750 magnus
584 1662 751 1728 muralium
763 1663 898 1749 pilorum
912 1685 1022 1729 nume-

10 1769 48 1818 ιε
65 1758 253 1836 instituitur;
271 1767 372 1824 turres
389 1756 641 1835 contabulantur,
659 1756 773 1843 pinnae
789 1756 965 1844 loricaeque
983 1781 1022 1824 ex

10 1851 132 1919 atibus
151 1861 339 1918 attexuntur.
382 1852 451 1938 ipse
471 1849 593 1931 Cicero,
613 1873 685 1916 oum
703 1852 886 1918 tenuissima
902 1852 1023 1918 valetu-

10 1937 68 2011 ἶιιο
85 1955 183 2025 esset,
202 1969 242 2012 ne
259 1956 446 2012 nocturnum
463 1945 590 2031 quidem
608 1945 668 2011 sibi
685 1955 809 2032 tempus
828 1948 869 2012 ad
885 1949 1021 2031 quietem

10 2033 199 2126 {linquebab
216 2051 254 2106 ut
270 2042 350 2107 ultro
368 2040 503 2107 militum
515 2062 669 2107 concursu
682 2063 720 2107 ac
732 2041 863 2107 vocibus
878 2041 939 2108 sibi
950 2065 1022 2130 par-

10 2134 69 2200 cre
86 2145 258 2223 cogeretur.
303 2147 378 2201 tunc
396 2137 492 2202 duces
510 2136 729 2223 principesque
746 2135 947 2214 Nerviorum,
967 2139 1021 2220 qui
1038 2159 1070 2207 41

10 2223 133 2315 liquem
152 2231 304 2297 sermonis
322 2233 441 2297 aditum
460 2252 650 2317 causamque
668 2230 822 2296 amicitiae
840 2253 912 2295 cum
931 2227 1023 2297 Cice-

10 2337 73 2390 Jne
87 2324 255 2405 habebant,
274 2327 410 2412 colloqui
428 2349 498 2393 sese
515 2326 596 2392 velle
613 2327 729 2391 dicunt.
771 2325 1022 2412 faotapotestate

10 2419 116 2500 adem,
135 2441 216 2505 quae
225 2420 396 2488 Ambiorix
409 2443 482 2487 oum
491 2421 613 2488 Titurio
626 2430 742 2508 egerat,
761 2431 1021 2487 commemorant:

10 2531 122 2582 urnam
140 2538 211 2582 esse
226 2516 260 2581 in
277 2517 372 2583 armis
392 2513 542 2597 Galliam3
562 2513 738 2583 Germanos
756 2516 904 2582 Rhenum
921 2526 1023 2583 trans-

10 2625 77 2691 ³se;
95 2610 241 2678 Caesaris
258 2612 513 2696 reliquorumque
530 2611 661 2678 hiberna
678 2613 862 2700 oppugnari.
904 2612 1023 2677 addunt

10 2704 93 2771 diam
121 2706 161 2771 de
185 2703 296 2772 Sabini
318 2716 431 2773 morte:
457 2707 677 2794 Ambiorigem
699 2717 856 2774 ostentant
876 2706 950 2772 fidei
975 2707 1024 2773 fa·

10 2798 130 2867 dandae
155 2822 261 2866 causa.
306 2823 408 2867 errare
434 2823 488 2868 eos
515 2802 635 2881 dicunt,
663 2802 691 2866 si
716 2803 885 2887 quicquam
910 2802 950 2869 ab
972 2801 1022 2866 his

10 2896 145 2987 pmesidii
163 2905 296 2982 sperent,
315 2897 369 2980 qui
387 2897 453 2962 suis
470 2895 564 2963 rebus
582 2896 740 2976 diffidam
759 2919 829 2964 sese
846 2905 952 2962 tamen
963 2896 1024 2962 hoc

10 2998 70 3056 usse
86 2991 121 3055 in
138 2988 323 3057 Ciceronem
339 2992 553 3078 populumque
569 2991 749 3056 Romanum
766 2991 879 3069 animo,
898 3000 933 3055 ut
946 2989 1025 3054 nihil

10 3087 63 3154 nisi
77 3088 209 3155 hiberna
229 3097 374 3154 recusent
395 3100 489 3174 atque
510 3086 593 3153 hanc
610 3088 836 3153 inveterascere
859 3093 1025 3152 consuetu-

10 3181 105 3250 dinem
125 3183 238 3250 nolint:
264 3184 358 3250 licere
379 3183 440 3249 illis
461 3183 671 3249 incolumibus
693 3205 749 3269 per
771 3197 810 3247 se¹
828 3203 867 3246 ex
884 3178 1023 3246 hibernis

10 3275 159 3345 discedam
176 3288 217 3358 et,
236 3300 449 3364 quascumque
466 3279 500 3342 in
515 3287 622 3365 partes
640 3277 746 3354 velint,
766 3276 833 3341 sine
850 3284 935 3340 metu
952 3297 1025 3362 pro-

10 3370 106 3440 ficisci.
151 3371 263 3441 Cicero
279 3374 322 3439 'ad
339 3373 417 3438 haec
438 3395 536 3438 unum
554 3373 649 3438 modo
670 3369 844 3456 respondit:
870 3391 935 3434 non
953 3392 1024 3437 esse

10 3469 256 3535 consuetudinem
273 3467 381 3554 populi
395 3466 548 3546 Romani,
572 3466 712 3551 accipere
734 3463 773 3529 ab
796 3462 886 3529 hoste
904 3473 1023 3530 armato

11 3564 228 3630 condicionem:
255 3564 283 3630 si
309 3562 349 3628 ab
375 3563 470 3628 armis
497 3561 658 3627 discedere
683 3559 793 3637 velint,
822 3581 856 3624 se
883 3559 1023 3625 adiutore

11 3665 125 3724 uantur
140 3657 325 3744 legatosque
343 3658 384 3722 ad
398 3656 568 3724 Caesarem
584 3654 723 3733 mittant3
742 3675 867 3741 sperare
883 3676 941 3740 pro
957 3653 1024 3719 eius

13 3747 130 3832 iustitia,
148 3773 230 3837 quae
247 3751 406 3837 petierint,
424 3753 653 3837 impetraturos.
698 3749 738 3815 ab
756 3749 816 3816 hac
834 3772 890 3836 spe
906 3749 1025 3835 repulsi
1042 3765 1074 3814 aa

14 3840 106 3912 Nervii
123 3845 207 3912 vallo
224 3846 341 3933 pedum
358 3846 414 3911 IX
435 3855 467 3910 et
483 3845 571 3910 fossa
592 3844 709 3931 pedum
726 3843 795 3911 XV
811 3843 942 3909 hiberna
959 3844 1024 3908 cin-

16 3950 89 4023 gmt.
132 3940 213 4006 haec
234 3949 266 4005 et
287 3941 483 4028 superiorum
504 3960 658 4005 annorum
678 3938 902 4005 consuetudine
928 3961 950 4003 a
968 3959 1024 4002 no-

10 4033 67 4097 ctr's
84 4045 309 4120 cognoverant,
333 4045 365 4103 et
384 4057 468 4125 quos
486 4036 528 4106 de
547 4036 695 4106 exercitu
704 4033 876 4104 habebant
891 4031 1055 4119 cap'uvss,
