2528 4336
195 151 256 222 156
511 163 564 221 DE
580 163 709 220 BELLO
728 159 897 219 GALLICO

192 290 334 360 sissimos
352 311 445 378 agros
461 288 642 376 Biturigum
656 285 790 366 inducit,
809 287 877 371 qui,
896 307 970 352 cum
985 284 1067 353 latos
1085 285 1165 355 dnos
1180 293 1204 354 et
1240 274 1260 354 '3

193 386 352 474 complura
377 383 493 471 oppida
517 383 682 460 haberent,
707 381 801 448 unius
826 381 959 468 legionis
984 379 1126 448 bibernis
1151 405 1206 448 mn
1241 411 1260 447 s

192 479 349 567 potuerint
365 478 525 557 contineri,
543 477 622 563 quin
631 476 750 544 bellum
762 484 908 562 pararent
920 475 1207 559 coniurationesque
1246 479 1260 543 3

159 574 339 643 siaeerent
387 570 548 658 repentino
570 572 707 637 adventu
725 567 873 637 Caesaris
894 569 1021 650 eccidit,
1048 570 1136 654 quod
1156 570 1207 637 in-
1249 599 1260 634 ·.

191 667 308 756 paratis
330 666 530 751 disiectisque
551 665 693 733 accidere
713 663 775 730 fuit
790 685 935 743 necesse,
960 674 997 731 ut
1017 664 1086 731 sine
1104 664 1208 731 timon
1250 692 1260 731 z

191 763 256 830 ullo
272 784 347 829 rura
362 760 499 828 colentes
515 761 603 847 prius
620 759 662 827 sb
679 759 818 846 equitatu
835 759 1096 846 opprimerentur,
1120 780 1209 843 quun
1248 785 1260 824 s

192 855 362 943 confugere
378 854 413 921 in
428 854 544 941 oppidu
560 862 698 941 possent.
725 874 862 937 namque
878 853 975 920 etiam
989 852 1069 918 illud
1084 852 1214 941 vulgare
1253 879 1260 936 ss

191 949 376 1018 incursionis
397 947 535 1015 hostium
556 947 696 1035 signum,
722 947 809 1031 quod
828 945 981 1015 incendiis
1003 945 1218 1015 aedificiorum
1251 982 1260 1013 ι

191 1044 330 1130 intellegi
347 1042 522 1120 consuevit,
551 1041 696 1109 Caesaris
715 1050 781 1108 erat
797 1041 967 1109 interdicto.
979 1040 1153 1120 sublatum,
1175 1062 1217 1108 ne
1252 1068 1260 1108 2

192 1148 247 1206 sut
263 1138 355 1225 copia
370 1135 478 1223 pabuli
495 1136 719 1219 frumentique,
747 1135 774 1200 si
794 1134 920 1221 longius
942 1135 1091 1223 progredi
1111 1135 1216 1212 vdlet,
1253 1162 1260 1202 :'

193 1232 383 1309 deficeretur,
402 1239 456 1295 aut
473 1229 579 1296 hostes
595 1227 747 1295 incendiis
765 1236 959 1297 terrerentur.
990 1227 1098 1296 muns
1116 1229 1219 1297 bomi-
1256 1288 1260 1295 .

192 1348 268 1392 num
289 1324 416 1391 milibus
438 1324 538 1411 captis
559 1322 714 1410 perterriti
729 1321 904 1410 Bituriges,
931 1324 986 1408 qui
1006 1324 1145 1409 primum
1162 1323 1218 1393 sd·

192 1429 320 1486 ventum
336 1427 501 1506 potuerant
518 1416 658 1506 effugere
674 1416 904 1494 Romanorum,
922 1417 957 1484 in
972 1417 1122 1485 finitimas
1140 1417 1219 1488 civi-

192 1525 272 1583 tstes
286 1526 341 1582 aut
348 1515 477 1602 privatis
490 1513 634 1601 hospitiis
647 1511 757 1579 confisi
777 1521 832 1578 aut
851 1511 1000 1581 societate
1015 1512 1218 1581 consiliorum

192 1611 406 1698 confugerant.
451 1608 580 1676 frustra:
598 1631 673 1674 nam
691 1604 811 1674 Caesar
826 1608 952 1694 magnis
968 1607 1133 1676 itineribus
1149 1630 1218 1674 om-

191 1705 284 1772 nibus
302 1706 379 1772 locis
398 1704 531 1772 occurrit
548 1725 608 1770 nec
625 1704 679 1769 dat
694 1703 752 1768 ulli
768 1702 890 1770 civitati
904 1704 1040 1790 spolium
1056 1703 1096 1769 de
1115 1702 1218 1771 aliem

192 1800 295 1886 potius
313 1821 409 1883 quam
426 1799 465 1864 de
483 1797 655 1864 domestica
672 1796 772 1863 solute
789 1797 962 1882 cogitandi3
979 1818 1043 1881 qua
1059 1795 1225 1866 celeritate.

192 1903 224 1958 et
245 1891 354 1957 fideles
377 1893 494 1958 amicos
516 1891 671 1959 retinebat
692 1900 723 1957 et
740 1889 919 1960 dubitantes
940 1900 1057 1959 terrore
1078 1892 1121 1959 ad
1142 1913 1218 1960 com
1246 1972 1253 1978 .

193 1985 331 2053 ditiones
348 1986 435 2072 pacis
454 1985 639 2053 adducebat.
675 1984 730 2052 tali
748 1985 931 2056 condicione
947 1985 1109 2072 proposita
1125 1984 1217 2054 Bitu-

192 2083 286 2169 riges,
305 2101 377 2147 cum
396 2080 456 2146 sibi
469 2080 610 2146 viderent
622 2080 787 2146 elementia
800 2078 947 2151 cassus
958 2079 1095 2146 reditum
1109 2089 1218 2166 petere

192 2175 314 2241 ineius
340 2174 508 2240 amicitiam
533 2174 743 2258 finitimasque
765 2173 906 2240 civitates
932 2172 999 2239 sine
1025 2172 1089 2237 ulla
1114 2194 1218 2260 poena

192 2269 317 2336 dedisse
334 2268 461 2336 obsides
478 2279 572 2355 atque
589 2269 623 2334 in
639 2269 735 2335 fidem
751 2277 893 2355 receptos
915 2289 1000 2347 esse,
1026 2267 1110 2335 idem
1132 2266 1218 2334 fece-

158 2385 176 2432 4
192 2373 274 2430 runt.
319 2360 439 2431 Caesar
455 2363 606 2430 militibus
623 2385 681 2449 pro
698 2371 784 2429 tanto
801 2361 908 2429 labore
925 2383 963 2431 ac
979 2361 1144 2448 patientis,
1162 2362 1218 2446 qui

194 2456 387 2524 brumalibus
405 2457 517 2525 diebus
534 2456 697 2524 itineribus
715 2455 923 2534 difficillimis,
950 2455 1120 2543 frigoribus
1137 2458 1219 2522 into·

192 2550 328 2617 lerandis
355 2551 583 2617 studiosissime
608 2559 845 2636 permanserant
869 2551 904 2615 in
928 2549 1049 2627 lnbore,
1076 2551 1217 2621 ducenos

194 2645 366 2725 sestertios,
402 2644 634 2712 centurionibus
662 2643 730 2710 'tot
756 2642 864 2709 milia*
894 2667 1057 2710 nummum
1081 2645 1218 2730 praedae

192 2739 317 2806 nomine
339 2739 545 2807 condonanda
569 2737 733 2823 pollicetur
759 2738 998 2825 legionibusque
1028 2739 1064 2807 in
1086 2737 1220 2806 hiberna

192 2832 331 2899 remissis
349 2833 417 2919 ipse
436 2854 470 2899 se
487 2831 597 2918 recipit
614 2831 664 2897 die
677 2831 825 2898 XXXX
837 2832 994 2903 Bibracte.
1025 2832 1070 2899 ibi
1082 2832 1218 2904 cumius

193 2926 318 3004 diceret,
336 2925 495 3013 Bituriges
508 2926 550 2991 ad
562 2947 634 2992 eum
646 2927 769 3014 legatos
782 2927 909 2992 mittunt
921 2926 1072 3000 auxilium
1083 2926 1218 3012 petitum

193 3030 300 3088 conus
318 3017 488 3100 Carnutes,
515 3042 596 3105 quos
616 3021 760 3088 intulisse
778 3019 896 3086 bellum
918 3021 980 3089 sibi
996 3020 1218 3107 querebanttu.

192 3139 255 3202 qua
271 3138 306 3182 re
324 3116 461 3203 cognita,
488 3136 561 3181 cum
578 3115 645 3182 dies
667 3138 732 3182 non
754 3114 888 3201 amplius
911 3115 1022 3183 decem
1042 3125 1076 3190 et
1096 3125 1168 3185 osto
1185 3115 1220 3181 in

192 3209 330 3277 hibernis
349 3218 434 3276 esset
449 3218 602 3288 moratus,
621 3209 761 3296 legiones
778 3206 888 3275 XIIII
906 3217 939 3284 et
953 3207 1005 3274 VI
1021 3231 1062 3275 ex
1078 3208 1219 3283 bibernis

192 3303 232 3369 ab
249 3303 352 3372 Arare
370 3304 487 3383 educit,
514 3325 594 3388 quas
610 3300 656 3367 ibi
678 3301 845 3368 collocatas
869 3302 1072 3389 explicandae
1088 3303 1136 3368 rei
1152 3302 1219 3371 fru-

192 3400 361 3467 mentarias
375 3420 470 3465 ceusu
483 3396 642 3483 superiore
656 3396 879 3474 commentario
894 3396 1141 3463 demonstratum
1155 3405 1219 3464 ese

192 3490 237 3558 ita
253 3515 325 3558 cum
342 3491 464 3559 duobus
480 3489 658 3577 legionibus
675 3490 717 3557 ad
728 3491 963 3577 persequendos
978 3489 1132 3559 Carnutes
1146 3513 1221 3578 pro-

159 3585 350 3659 sficiscitur.
393 3606 466 3651 cum
491 3583 578 3650 fama
604 3585 759 3652 exercitus
785 3586 827 3653 ad
852 3586 959 3653 hostes
982 3594 1066 3653 esset
1086 3585 1219 3674 perlata,

194 3679 368 3746 calamitate
389 3688 561 3746 ceterorum
584 3676 671 3745 ducti
693 3677 848 3746 Carnutes
872 3680 1004 3748 desertis
1028 3679 1107 3747 vicis
1128 3681 1220 3769 oppi-

194 3776 319 3884 disque,
345 3795 425 3859 quae
446 3771 628 3884 tolerandus
648 3773 760 3885 hiemis
778 3795 875 3842 eausa
892 3774 1068 3843 constitutis
1089 3786 1220 3862 repente

70 4010 72 4015 ψ
182 3867 1219 4053 affibiffiffioiiiiaffliisii⁰¹ilssiiiffi
