2528 4336
378 291 379 294 ’
403 278 524 339 OOMlL
541 280 606 339 vn.
624 280 743 337 65-68.
1024 269 1086 336 143

16 414 26 423 ''
78 451 90 456 m
120 438 133 461 a
153 434 179 461 :r
212 434 237 461 κ
259 404 469 490 nequefinem
482 404 619 473 bellandi
638 404 785 471 facturus.
821 406 950 491 proinde
962 407 1088 492 agmine

10 508 27 577 ·,
83 548 84 553 η
109 530 115 555 ι
130 498 228 564 'tos
256 498 459 565 adorirentur.
509 501 537 566 si
566 500 689 586 pedites
716 499 783 566 suis
809 499 960 565 auxilium
985 499 1087 565 ferant

10 654 12 663 ,
79 613 89 642 ³
118 623 122 647 ι
140 623 147 648 2
168 592 207 658 in
223 614 263 658 eo
279 603 451 673 morentur,
474 594 534 660 iter
553 594 659 660 facere
676 616 741 660 non
756 615 866 680 posse3
890 593 930 673 si,
951 593 987 658 id
1003 593 1089 678 quod

16 694 18 704 '
113 717 155 764 :⁴³
178 685 324 753 futurum
341 688 490 767 confidat,
513 688 629 754 relictis
646 687 877 773 impedimentis
900 710 976 754 suae
994 687 1088 757 saluti

13 779 20 802 ²
63 812 106 855 ‚ou
122 811 149 837 2·
177 812 181 836 ι
200 789 242 861 t,
270 790 302 846 et
323 802 384 848 usu
405 804 509 847 rerum
526 781 773 848 necessariarum
795 791 826 847 ct
848 780 998 868 dignitate
1016 804 1088 869 spo·

10 898 18 952 ,·
59 884 168 943 >utum
183 876 236 942 iri.
280 900 356 943 narn
371 877 413 943 de
430 877 588 962 equitibus
606 876 758 956 hostium,
776 876 852 961 quin
869 899 962 943 nemo
980 898 1088 942 eorum

10 963 21 1003 '⁹
55 1001 79 1050 1¹³
98 971 212 1060 ogredr
227 972 323 1038 modo
333 982 429 1063 ¹extra
446 994 561 1060 agmen
578 972 705 1050 audeat,
729 980 760 1037 et
775 972 863 1058 ipsos
881 971 1008 1056 quidem
1024 993 1088 1036 non

10 1074 17 1087 '
58 1064 176 1133 debere
195 1064 348 1132 dubitare.
393 1067 426 1132 id
443 1088 507 1151 qno
524 1066 641 1132 maiore
658 1064 775 1132 faciant
792 1065 910 1144 animo,
929 1065 1036 1152 copias
1054 1088 1088 1134 se

10 1174 12 1181 '
54 1180 168 1227 onmes
187 1181 247 1245 pro
264 1159 375 1226 castris
396 1159 577 1226 habiturum
599 1170 630 1224 et
647 1159 755 1225 terrori
776 1158 919 1226 hostibus
937 1159 1087 1228 futurum.

56 1252 260 1321 conclamant
290 1254 424 1338 equites,
456 1253 654 1320 sanctissimo
683 1253 882 1320 iureiurando
913 1255 1089 1320 confirmari

54 1356 216 1437 oportere,
234 1369 274 1412 ne
288 1357 370 1414 tecto
382 1348 558 1434 recipiatur,
576 1369 616 1412 ne
629 1347 670 1412 ad
683 1347 807 1426 liberos,
826 1369 866 1412 ne
879 1348 921 1413 ad
932 1359 1087 1433 parentes,

54 1464 93 1509 ne
111 1442 158 1508 ad
176 1462 311 1509 uxorem
327 1442 446 1508 aditum
463 1440 591 1520 habeat,
609 1443 664 1526 qui
680 1464 744 1507 non
761 1440 810 1507 bis
827 1463 884 1528 per
901 1465 1016 1529 agmen
1032 1443 1089 1509 ho·

56 1536 156 1601 stium
187 1532 423 1621 perequitasset
466 1534 598 1621 probata
622 1557 656 1600 re
682 1544 776 1620 atque
802 1535 947 1601 omnibus
972 1537 1088 1602 iureiu-
1107 1559 1138 1608 aa

55 1630 158 1696 raudo
187 1629 305 1696 adactis
327 1639 454 1717 postero
477 1629 528 1695 die
549 1629 666 1695 intres
688 1640 793 1717 partes
815 1630 980 1697 distributo
1004 1631 1090 1716 equi-

57 1732 125 1791 tatu
142 1724 230 1789 duae
248 1746 282 1790 so
300 1726 384 1791 acies
399 1724 442 1792 ab
460 1723 583 1791 duobus
605 1723 756 1791 lateribus
777 1726 959 1805 ostendunt,
986 1749 1050 1792 una
1070 1750 1090 1793 a

55 1819 161 1905 primo
182 1819 308 1906 agmine
324 1819 383 1885 iter
398 1820 551 1906 impedire
569 1819 680 1906 coepit.
717 1842 830 1905 quare
846 1821 989 1888 nuntiata
1007 1820 1089 1888 Cae-

58 1934 112 1979 sar
142 1934 241 1979 suum
272 1935 396 1999 quoque
426 1914 599 2000 equitatum
633 1914 784 2000 tripertito
816 1915 951 1981 divisum
982 1927 1089 1981 contra

56 2006 188 2075 hostem
204 2008 249 2072 ire
265 2008 362 2074 iubet.
388 2019 547 2096 pugnatur
559 2032 622 2074 una
634 2008 779 2074 omnibus
792 2009 826 2073 in
838 2010 990 2095 partibus.
1014 2031 1089 2077 con-

56 2101 143 2169 sistit
160 2123 292 2189 agmen3
312 2103 536 2190 impedimenta
557 2104 638 2169 intra
654 2102 794 2189 legiones
815 2105 1015 2189 recipiuntur.
1062 2105 1090 2170 si

56 2216 123 2281 qua
138 2195 179 2261 in
193 2206 282 2282 parte
299 2198 397 2263 nostri
413 2197 554 2264 laborare
572 2207 626 2263 aut
638 2197 766 2286 gravius
778 2197 879 2281 premi
892 2196 1088 2276 videbantur,
1130 2223 1132 2228 ¹

57 2310 96 2356 eo
115 2290 212 2378 signa
228 2291 336 2357 inferri
355 2289 475 2358 Caesar
490 2293 652 2377 aciemque
675 2290 823 2357 constitui
839 2290 981 2370 iubebat3
1007 2313 1089 2376 quae

55 2405 111 2450 ras
128 2393 165 2450 et
181 2384 289 2452 hostes
307 2386 347 2451 ad
364 2386 592 2471 insequendum
609 2384 752 2451 tardabat
770 2394 801 2450 et
818 2395 941 2451 nostros
960 2407 1016 2471 spe
1033 2408 1089 2450 au-

55 2478 128 2544 xilii
145 2479 360 2546 confirmabat.
392 2481 518 2546 tandem
537 2478 687 2548 Germani
704 2478 744 2544 ab
763 2480 873 2545 dextro
889 2480 985 2546 latere
1003 2502 1089 2546 sum-

55 2595 151 2639 mum
169 2573 279 2660 iugum
295 2575 401 2640 nancti
417 2575 524 2640 hostes
541 2575 612 2640 loco
626 2573 799 2661 depellunt3
817 2573 974 2662 fugientes
987 2596 1088 2658 usque

56 2666 101 2733 sd
118 2666 249 2746 flumen,
267 2667 322 2733 ubi
335 2667 575 2756 Vercingetorix
592 2691 665 2734 cum
681 2668 879 2755 pedestribus
897 2669 996 2755 copiis
1015 2691 1089 2734 con-

57 2762 202 2841 sederat,
223 2774 453 2849 persequuntur
474 2763 713 2849 compluresque
734 2764 931 2830 interficiunt.
975 2787 1038 2849 qua
1054 2786 1088 2830 re

56 2856 283 2924 animadversa
298 2859 424 2943 reliqui,
442 2880 482 2924 ne
501 2859 810 2939 circumvenirentur,
833 2859 924 2927 veriti
941 2882 976 2927 se
993 2859 1089 2947 fugae

56 2952 223 3019 mandant
254 2953 399 3020 omnibus
416 2954 494 3020 locis
511 2953 547 3018 fit
565 2955 687 3021 caedes.
720 2964 782 3020 tres
800 2953 986 3022 nobilissimi
1002 2954 1090 3020 Hae-

57 3047 116 3113 dui
145 3047 229 3133 capti
256 3049 296 3112 ad
320 3047 489 3114 Caesarem
515 3048 740 3133 perducuntur:
769 3047 884 3126 Cotus,
911 3049 1088 3134 praefectus

55 3141 219 3227 equitum,
237 3139 293 3224 qui
310 3137 557 3205 controversiam
579 3160 653 3205 cum
671 3138 915 3206 Convictolitavi
932 3140 1085 3228 proximis

57 3233 197 3303 comitiis
210 3233 374 3313 habuerat,
392 3245 423 3301 et
437 3231 626 3313 Cauarillus,
645 3235 701 3319 qui
718 3245 791 3321 post
806 3235 1014 3301 defectionem
1027 3234 1085 3301 Li-

56 3327 158 3397 tavici
178 3329 377 3415 pedestribus
400 3329 499 3414 copiis
515 3329 715 3415 praefuerat,
739 3340 770 3394 et
788 3328 1001 3416 Eporedorix,
1020 3351 1083 3415 quo

58 3422 146 3491 duco
161 3433 235 3489 ante
250 3423 423 3490 adventum
436 3421 584 3490 Caesaris
597 3422 727 3488 Haedui
741 3444 815 3488 cum
825 3421 983 3507 Sequanis
1000 3423 1084 3489 bello

57 3517 300 3584 contenderant.

123 3612 253 3699 Fugato
275 3613 361 3678 omni
382 3611 525 3695 equitatu
547 3611 791 3698 Vercingetorix
813 3611 919 3699 copias
936 3634 1025 3690 suas,
1047 3623 1082 3677 ut
1101 3625 1134 3676 68

10 3704 12 3763 ἶ
57 3728 120 3796 pro
151 3707 262 3774 castris
293 3707 515 3784 collocaverat,
546 3704 672 3770 reduxit
697 3706 905 3793 protinusque
929 3705 1085 3786 Alesiam,

58 3801 149 3887 quod
166 3812 215 3868 est
231 3799 385 3889 oppidum
401 3800 667 3878 Mandubiorum,
683 3800 743 3866 iter
759 3802 866 3869 facere
883 3802 987 3890 coepit
1003 3803 1087 3870 cele·

56 3898 199 3983 riter-que
211 3896 438 3985 impedimenta
450 3919 492 3962 ex
506 3896 616 3962 castris
625 3895 719 3963 educi
727 3908 761 3962 et
772 3920 806 3964 aa
819 3897 970 3982 subsequi
982 3896 1083 3964 iussit

56 3989 184 4060 Caesar
195 3991 428 4081 impedimentis
440 3990 475 4057 in
488 3991 670 4077 proximum
682 3990 796 4058 collem
806 3991 950 4059 deductis
958 3990 1083 4059 duabus

55 4084 240 4174 legionibus
249 4086 411 4175 praesidio
424 4082 543 4157 relictis
555 4098 700 4171 secutus,
713 4099 878 4178 quantum
887 4086 958 4156 dre‘x
966 4098 1104 4171 tempure
