2414 4336
375 225 492 284 ΟΟΜΜ.
510 226 561 284 v1.
579 225 692 282 14-19.
982 212 1045 282 103

75 349 232 436 ulisque
249 358 422 428 versantur,
441 361 495 416 aut
511 371 568 436 pro
580 348 716 415 victimis
728 347 871 416 homines
883 349 1046 418 immolant

75 467 109 517 te
130 445 362 512 immolaturos
380 454 495 511 vovent
512 444 765 529 administrisque
782 444 823 510 ad
840 466 878 510 ea
895 444 1046 511 sacrificia

75 538 182 607 libus
207 549 353 620 utrmtur,
380 539 478 624 quod,
504 562 561 626 pro
582 539 648 605 vita
669 537 803 604 hominis
829 538 890 605 nisi
910 538 1045 605 hominis

75 635 254 723 ¹traeddatur,
271 657 335 699 non
346 657 441 721 posse
454 633 543 700 aliter
556 635 685 700 deorum
696 633 918 699 immortalium
929 656 1046 699 numen

75 729 129 819 pri
150 729 354 808 arbitrantur,
372 729 560 815 publiceque
577 729 717 795 eiusdem
734 729 858 816 generis
871 727 987 794 habent
998 729 1047 793 in·

75 828 122 909 lta
143 824 311 890 sacrificia.
355 823 409 889 alii
424 824 555 889 immani
571 824 785 912 magnitudine
808 823 974 902 simulante
990 823 1047 890 ha·

93 936 97 943 ’
112 939 260 1004 quorum
276 926 422 984 contexta
435 918 604 985 viminibus
617 917 759 984 membra
769 918 851 984 vivis
864 917 1044 985 hominibus

117 1019 193 1078 ent:
224 1011 340 1097 quibus
366 1012 525 1079 succensis
555 1013 758 1079 circumventi
787 1012 914 1078 flamma
939 1012 1046 1078 exani·

170 1107 324 1173 homines.
369 1107 523 1194 supplicia
544 1129 666 1187 eorum,
694 1107 802 1192 quiin
826 1105 911 1173 furto
937 1109 1045 1173 autin

112 1200 123 1219 '
151 1202 183 1268 'o
200 1212 255 1267 aut
270 1201 376 1286 aliqua
391 1202 486 1268 noxia
504 1201 567 1268 sint
584 1201 814 1289 comprehensi,
841 1202 978 1290 gratiora
994 1202 1044 1267 dis

113 1295 249 1363 rtalibus
264 1318 334 1362 esse
347 1295 548 1376 arbitrantur3
568 1298 633 1376 sed,
652 1318 724 1363 cum
738 1297 804 1362 eius
817 1297 941 1384 generis
955 1296 1045 1382 copia

153 1390 249 1455 etiam
266 1389 307 1454 ad
323 1390 536 1456 innocentium
555 1391 708 1478 supplicia
721 1390 923 1455 descendunt.
951 1390 1044 1454 deum
1063 1408 1095 1473 rt

87 1478 104 1501 ⁸
138 1506 158 1551 e
174 1483 368 1550 Mercurium
385 1484 504 1551 colunt:
523 1485 616 1551 huius
634 1494 707 1551 sunt
723 1485 857 1572 plurima
870 1483 1044 1563 simulacra,

84 1582 89 1669 ¹.
121 1579 262 1645 omnium
278 1579 470 1646 inventorem
487 1581 601 1645 artium
617 1579 735 1658 ferunt,
757 1579 842 1644 huno
857 1578 980 1644 viarum
997 1587 1041 1644 at·

100 1672 247 1740 itinerum
263 1674 389 1753 ducem,
416 1672 500 1739 hunc
522 1676 563 1740 ad
584 1683 733 1760 quaestus
754 1674 904 1761 pecuniae
926 1696 1045 1740 meroa-

87 1840 93 1853 Ι,
110 1788 170 1852 que
195 1766 312 1834 habere
333 1769 398 1833 vim
424 1769 594 1834 maximam
619 1768 814 1835 arbitrentur.
862 1769 1045 1855 posthunc

120 1862 128 1877 ⁹
150 1883 203 1928 em
221 1871 252 1927 et
264 1860 401 1928 Martem
419 1872 450 1928 et
466 1863 576 1929 Iovem
593 1871 625 1929 et
640 1862 818 1929 Minervam
823 1888 832 1942 ;
851 1863 890 1928 de
903 1863 953 1929 his
971 1885 1044 1928 ean-

110 1955 186 2035 fere,
205 1977 301 2040 quam
317 1957 454 2042 reliquae
467 1966 587 2045 gentes,
606 1956 722 2023 habent
735 1957 926 2044 opinionem:
943 1957 1045 2044 Apol·

134 2049 266 2117 morbos
287 2051 456 2137 depellere,
483 2051 660 2117 lilinervam
682 2074 812 2138 operum
834 2061 926 2136 atque
949 2052 1044 2117 artifi-

154 2143 247 2210 initia
265 2145 401 2224 undere,
419 2146 529 2212 Iovem
546 2146 711 2233 imperium
730 2144 910 2211 caelestium
927 2155 1041 2224 tenere,

75 2228 158 2304 'trem
175 2238 259 2305 bella
275 2260 393 2327 regere.
437 2239 610 2323 huiqcum
628 2239 745 2326 proelio
764 2239 910 2305 dimicare
928 2240 1044 2306 consti-

75 2342 155 2412 runt,
175 2356 222 2412 ea,
241 2356 320 2419 quae
330 2333 413 2400 bello
423 2334 569 2420 ceperint,
587 2334 770 2420 plerumque
780 2332 942 2399 devovent
970 2355 1043 2399 cum

75 2436 261 2506 eraverunt,
279 2427 425 2493 animalia
442 2437 533 2514 capta
549 2428 710 2494 immolant
727 2427 924 2511 reliquasque
942 2449 992 2492 res
1010 2428 1043 2493 in

75 2543 113 2588 m
137 2520 245 2588 locum
267 2521 440 2588 conferunt.
484 2521 591 2588 multis
611 2522 645 2587 in
668 2519 844 2587 civitatibus
866 2521 978 2588 harum
994 2545 1043 2588 ro-

75 2636 84 2683 ι
103 2624 282 2682 exstructos
301 2616 438 2682 tumulos
459 2615 536 2683 locis
554 2617 742 2683 consecratis
765 2616 938 2703 conspicari
954 2616 1041 2696 licet3

75 2732 119 2794 ue
139 2731 235 2797 saepe
252 2711 377 2789 accidit,
404 2719 453 2790 ut,
480 2709 623 2798 neglecta
644 2710 800 2797 quispiam
821 2711 970 2798 religione
988 2720 1043 2777 aut

75 2814 109 2870 ta
127 2805 214 2891 apud
232 2827 266 2871 se
283 2805 439 2871 occultare
456 2812 511 2870 aut
526 2805 629 2890 posita
646 2805 752 2871 tollere
766 2806 903 2884 auderet,
922 2806 1043 2894 gravis·

75 2920 198 2983 umque
215 2899 245 2964 ei
260 2899 305 2965 rei
323 2899 512 2985 supplicium
529 2921 601 2964 cum
614 2899 753 2965 cruciatu
766 2900 969 2966 constitutum
983 2909 1039 2966 est.

75 2992 104 3057 lli
124 3014 160 3057 se
177 3014 285 3058 omnes
302 2991 342 3058 ab
360 2993 437 3058 Dite
454 3003 542 3080 patre
559 3003 728 3080 prognatos
750 2995 930 3080 praedicant
946 2994 1041 3078 idque
1060 3011 1091 3059 18

81 3084 249 3152 druidibus
274 3087 431 3173 proditum
458 3087 574 3153 dicunt.
623 3087 663 3154 ob
690 3110 760 3154 eam
785 3111 913 3154 causam
939 3087 1041 3173 spatia

75 3179 121 3245 uis
139 3181 288 3266 temporis
304 3203 368 3246 non
385 3203 515 3248 numero
532 3181 667 3260 dierum,
687 3182 744 3248 sed
760 3182 898 3247 noctium
915 3181 1039 3261 finiunt3

75 3295 86 3340 s
103 3273 225 3340 natales
243 3284 274 3339 et
289 3275 445 3341 mensium
468 3283 499 3340 et
521 3298 673 3342 annorum
689 3275 841 3342 initiaris
862 3274 1038 3353 observant,

75 3379 199 3434 noctem
223 3368 291 3435 dies
316 3368 534 3454 subsequatur.
577 3371 611 3435 in
635 3369 761 3454 reliquis
788 3369 871 3434 vitae
890 3368 1039 3435 institutis

75 3460 162 3527 tfere
178 3461 219 3528 ab
236 3462 362 3548 reliquis
381 3463 537 3542 differunt,
556 3465 641 3549 quod
659 3485 733 3529 suos
750 3462 875 3541 liberos,
893 3463 954 3529 nisi
967 3485 1040 3529 cum

75 3554 231 3636 leserunt,
248 3568 284 3623 ut
297 3580 411 3623 munus
424 3558 552 3624 militiae
567 3558 719 3625 sustinere
731 3557 862 3643 possint,
880 3557 984 3644 palam
998 3559 1039 3624 ad

75 3650 156 3716 adire
173 3673 238 3717 non
254 3652 414 3738 patiuntur
429 3652 590 3736 filiumque
611 3650 723 3737 puerili
745 3660 846 3718 aetate
862 3651 896 3716 in
912 3649 1038 3737 publico

75 3755 238 3831 conspectu
253 3745 350 3833 patris
368 3746 518 3812 adsistere
536 3756 626 3832 turpe
644 3746 770 3812 ducunt.
814 3746 887 3824 viri,
905 3753 1038 3828 quantas
1057 3765 1084 3816 19

75 3839 165 3904 unias
183 3837 224 3905 ab
240 3839 390 3906 uxoribus
408 3839 489 3906 dotis
507 3840 632 3906 nomine
650 3849 850 3926 acceperunt,
877 3847 979 3904 tantas
997 3859 1038 3906 ex

75 3953 84 3998 s
105 3933 196 4000 bonis
217 3933 431 4001 aestimatione
453 3933 537 3999 facta
559 3956 631 4000 eum
648 3933 774 4000 dotibus
796 3931 1034 4000 communicant

75 4049 109 4095 us
126 4026 229 4096 omnis
244 4029 396 4116 pecuniae
413 4027 602 4096 coniunctim
618 4027 697 4096 ratio
708 4026 841 4096 habetur
853 4029 1035 4117 fructusque
