2414 4336
282 151 399 208 couu.
417 152 455 207 11.
473 152 592 209 13-18.
908 134 951 202 35

75 301 178 345 rerum
193 275 249 367 [ad
261 277 417 342 luxuriam
429 272 663 362 pertinentium]
678 273 796 354 inferri,
815 273 902 359 quod
912 273 952 341 iis

75 375 279 463 languescere
302 372 422 438 animos
446 368 583 459 [eorum]
607 380 638 436 et
663 368 779 435 remitti
804 371 951 435 virtmem

75 478 153 536 rent:
177 489 248 534 esse
265 467 407 532 homines
426 466 509 533 seros
527 486 724 552 magnaeque
744 463 882 529 virtutis:
904 464 954 528 in-

75 572 194 648 ratque
215 562 359 626 incusare
380 559 517 644 reliquos
538 560 672 646 Belgas,
699 558 754 643 qui
775 580 810 623 se
835 557 952 643 populo

105 656 297 722 dedidissent
325 655 520 740 patriamque
554 653 701 718 virtutem
735 651 953 738 proiecissent3

75 771 114 814 ue
131 771 200 816 sese
216 770 319 833 neque
336 748 457 835 legatos
474 747 625 814 missuros
643 768 746 830 neque
767 746 864 812 ullam
882 767 956 811 oon-

75 866 88 907 1
106 844 191 928 pacis
210 851 401 928 accepturos.
433 863 506 907 cum
522 862 579 926 per
596 862 705 907 eorum
721 839 800 906 fines
818 838 957 905 triduum
975 859 1007 908 1⁶

75 947 143 1014 sset,
160 936 339 1002 inveniebat
353 959 392 1001 ex
406 935 538 1021 captivis
549 933 659 1002 Sabim
672 935 789 1000 flumen
798 933 838 1000 ab
847 934 958 1000 castris

75 1055 85 1094 1
108 1031 239 1117 amplius
261 1031 347 1096 milia
363 1052 516 1116 passuum
538 1030 647 1096 decem
669 1029 795 1096 abesse:
822 1039 908 1094 trans
925 1028 958 1094 id

75 1146 178 1191 omnes
190 1125 323 1191 Nervios
342 1124 521 1191 consedisse
539 1124 771 1208 adventumque
783 1122 829 1188 ibi
841 1122 959 1188 Roma·

75 1227 240 1304 exspectare
253 1243 317 1285 una
331 1242 402 1285 cum
415 1217 576 1284 Atrebatis
595 1227 626 1284 et
638 1217 872 1296 Vuomanduia
890 1219 961 1283 fini·

75 1314 112 1379 ris
138 1312 225 1398 (nam
250 1315 300 1379 his
326 1314 466 1398 utrisque
491 1321 725 1399 persuaserant,
756 1314 802 1378 uti
828 1313 960 1378 eandem

75 1431 174 1473 :unam
184 1409 422 1495 experirentur);
441 1409 616 1495 exspectari
629 1409 722 1474 etiam
737 1407 777 1474 ab
790 1408 840 1473 his
849 1405 961 1472 Adua-

75 1505 201 1590 .oopias
219 1514 311 1589 atque
330 1528 400 1571 esse
417 1505 450 1570 in
467 1505 590 1570 itinere:
609 1504 754 1570 mulieres
773 1505 888 1590 quique
905 1525 962 1589 per

88 1598 129 1663 ad
141 1620 280 1685 pugnam
292 1599 417 1664 inutiles
431 1598 610 1664 viderentur
626 1600 660 1664 in
678 1621 751 1664 eum
768 1599 874 1666 locum
888 1620 962 1664 con-

90 1713 152 1775 quo
173 1703 300 1779 propter
320 1692 452 1779 paludes
474 1693 625 1760 exercitui
647 1693 751 1759 aditus
776 1715 841 1760 non
867 1702 959 1760 esset.

75 1811 97 1854 rs
116 1790 257 1876 cognitis,
277 1790 487 1876 exploratores
506 1790 763 1874 centurionesque
780 1788 959 1875 praemittit,
981 1807 1012 1854 17

75 1905 121 1947 rm
144 1883 291 1948 idoneum
318 1883 427 1948 castris
455 1883 602 1971 deligant.
648 1905 720 1950 cum
742 1906 783 1949 ex
808 1881 961 1949 dediticiis

75 1977 253 2062 eeliquisque
273 1975 374 2044 Gallis
393 1978 569 2064 complures
588 1977 759 2045 Caesarem
777 1977 876 2044 secuti
896 1999 961 2042 una

75 2081 165 2149 erent,
184 2073 312 2156 qnidam
329 2095 369 2137 ex
386 2071 449 2151 his,
469 2081 504 2137 ut
519 2083 630 2159 postea
647 2095 687 2138 ex
704 2070 836 2158 captivis
854 2070 962 2158 cogni-

78 2214 87 2244 ,
111 2188 219 2231 eorum
237 2168 357 2233 dierum
375 2168 599 2233 consuetudine
619 2167 739 2232 itineris
761 2166 861 2232 nostri
877 2187 965 2231 exer-

75 2270 208 2345 trspecta
228 2271 319 2327 nocte
342 2262 383 2327 ad
403 2261 536 2326 Nervios
562 2269 771 2348 pervenerunt
796 2269 889 2343 atque
914 2258 964 2323 his

75 2363 189 2419 trarunt
218 2356 299 2421 inter
330 2355 470 2442 singulas
500 2353 640 2441 legiones
671 2353 965 2441 impedimentorum

75 2472 273 2515 onumerum
290 2451 495 2529 intercedere,
518 2471 620 2534 neque
639 2471 709 2516 esse
727 2449 894 2534 quicquam
911 2469 966 2512 ne-

76 2566 130 2607 um
146 2543 249 2629 prima
265 2544 347 2630 legio
370 2545 403 2608 in
421 2552 524 2610 castra
544 2544 683 2610 venisset
703 2543 904 2628 reliquaeque
920 2541 966 2607 le-

75 2660 218 2724 magnum
236 2639 372 2723 spatium
390 2639 545 2717 abessent,
564 2638 646 2705 hanc
664 2636 723 2703 sub
743 2638 873 2704 sarcinis
890 2637 966 2704 ado-

75 2754 105 2795 ra
134 2730 226 2816 pulsa
256 2733 549 2818 impedimentisque
580 2733 708 2819 direptis
740 2731 894 2810 futurum,
930 2740 966 2797 ut

75 2835 203 2891 econtra
221 2827 390 2892 consistere
408 2849 471 2892 non
489 2827 648 2893 auderent.
685 2827 854 2893 adiuvabat
872 2827 967 2892 etiam

75 2920 245 2998 consilium,
273 2921 411 3005 quirem
434 2920 629 2999 deferebant,
657 2923 743 3005 quod
758 2922 867 2989 Nervii
889 2921 968 2987 anti-

91 3036 163 3078 cum
186 3015 325 3099 equitatu
346 3015 424 3080 nihil
444 3023 575 3101 possent
601 3013 717 3100 (neque
739 3018 823 3084 enim
845 3016 967 3081 adhoc

86 3109 114 3173 ei
130 3110 177 3173 rei
195 3110 333 3189 student,
354 3110 423 3188 sed,
442 3109 591 3195 quioquid
608 3119 753 3197 possunt,
771 3109 968 3196 pedestribus

75 3203 187 3289 copiis),
207 3225 269 3287 quo
287 3203 410 3270 facilius
423 3203 626 3269 finitimorum
639 3205 820 3288 equitatum,
840 3205 868 3268 ai
879 3225 970 3288 prae·

75 3320 152 3363 ausa
170 3298 211 3363 ad
229 3320 283 3363 eos
296 3298 444 3376 venisset,
462 3298 657 3384 impedirent,
677 3298 790 3363 teneris
805 3295 968 3363 arboribus

75 3402 162 3477 atque
181 3390 319 3480 [inflexis
338 3391 470 3481 crebris]
488 3393 522 3458 in
543 3392 739 3458 latitudinem
755 3391 851 3457 ramis
869 3392 968 3459 enatis

75 3509 78 3548 ι
98 3486 301 3572 sentibusque
319 3487 487 3553 interiectis
511 3487 692 3565 effecerant,
719 3494 755 3550 ut
774 3486 873 3552 instar
888 3487 970 3552 muri

75 3603 114 3647 »es
131 3582 324 3648 munimenta
341 3580 539 3668 praeberent,
562 3601 624 3664 quo
646 3603 711 3646 non
731 3581 825 3648 modo
842 3603 907 3648 non
922 3582 970 3645 in·

75 3676 112 3741 ed
129 3698 169 3740 ne
185 3676 322 3763 perspici
340 3676 466 3760 quidem
483 3683 600 3761 posset.
643 3674 693 3742 his
711 3675 804 3742 rebus
822 3699 895 3742 cum
911 3675 971 3742 iter

75 3794 78 3833 t
101 3771 199 3836 nostri
224 3770 440 3858 impediretur,
468 3793 533 3835 non
558 3770 763 3837 omittendum
786 3768 847 3836 sibi
868 3771 971 3837 consi-

75 3865 145 3930 ervii
163 3865 428 3930 existimaverunt.
472 3865 533 3931 loci
550 3873 661 3931 natura
679 3876 744 3932 erat
760 3865 852 3944 haec,
876 3887 970 3950 quem
989 3883 1019 3932 18

75 3960 163 4025 rostri
182 3962 291 4027 castris
310 3960 498 4048 delegerant.
543 3959 630 4028 collis
649 3960 689 4027 ab
707 3983 831 4028 summo
853 3982 968 4046 aequa-

776 4062 813 4118 Q}
