2414 4336
371 288 373 292 ,
404 253 520 311 GOMM.
536 254 602 312 VII.
617 254 704 311 5-9.
745 310 747 315 ,
998 243 1058 311 117

55 378 123 447 aod
138 377 217 444 nihil
233 377 326 451 nobis
344 386 478 457 constat,
505 400 569 444 non
586 378 709 447 videtur
725 400 782 465 pro
800 387 884 445 certo
900 400 971 446 esse
987 401 1064 466 pre.

55 470 227 541 mendum.
253 472 414 560 Bituriges
429 495 537 539 eorum
550 473 692 542 discessu
706 473 811 540 statim
823 495 895 539 cum
907 471 1058 541 Arverms

55 576 220 655 mgnum.

100 659 165 727 His
186 659 282 727 rebus
302 661 336 726 in
352 660 477 726 Italiam
496 658 627 729 Caesari
643 660 808 738 nuntiatis,
835 681 908 726 oum
929 661 992 727 iam
1008 661 1095 731 illes

55 753 177 822 rbanm
195 777 246 822 res
262 755 378 821 virtute
396 753 455 821 Cn.
473 753 607 843 Pompei
629 755 870 822 commodiorem
890 755 925 820 in
946 764 1062 822 statum

55 849 222 917 arvenisse
233 848 435 938 intellegeret,
452 850 486 915 in
499 849 739 937 Transalpinam
754 847 890 917 Galliam
901 849 1061 936 profectus
1086 894 1091 905 =

55 954 100 1011 st
131 967 170 1011 eo
188 966 260 1010 oum
278 944 424 1023 venisset,
442 967 558 1033 magna
575 944 757 1011 difficultate
774 943 981 1023 alliciebatur,
1000 965 1062 1028 qua

55 1037 161 1107 atione
182 1039 223 1104 ad
244 1039 415 1123 exercitum
434 1038 597 1126 pervenire
618 1048 735 1125 posset.
779 1062 853 1104 nam
874 1039 902 1104 si
922 1038 1062 1127 legiones

55 1134 79 1215 h
100 1131 292 1220 provinciam
317 1142 501 1212 arcesseret,
533 1154 568 1199 se
594 1132 722 1199 absente
747 1133 781 1197 in
807 1133 916 1198 itinere
945 1132 1063 1218 proelio

107 1226 241 1292 ‘manas
258 1225 472 1315 intellegebat3
490 1226 518 1293 si
534 1227 602 1313 ipse
615 1226 658 1292 ad
670 1225 841 1292 exercitum
853 1227 1061 1306 contenderet,

107 1320 145 1386 iis
168 1320 296 1406 quidem
318 1342 357 1387 eo
378 1330 530 1408 tempore,
557 1321 612 1406 qui
637 1320 735 1405 quieti
755 1320 947 1400 viderentur,
974 1344 1064 1388 suam

65 1424 68 1428 '
93 1424 175 1480 utem
195 1422 280 1481 recte
302 1415 454 1481 committi
480 1414 615 1481 videbat.
663 1414 788 1480 interim
809 1414 978 1482 Lucterius
1001 1414 1097 1484 Cas

55 1410 157 1609 ῖιιιιιιε
181 1507 216 1573 in
237 1507 378 1575 Rutenos
400 1509 517 1575 missus
544 1531 614 1574 eam
636 1508 793 1576 civitatem
815 1509 967 1575 Arvernis
990 1530 1065 1574 con-

55 1597 135 1689 dhe
178 1626 365 1691 progressus
386 1604 420 1670 in
435 1603 628 1693 Nitiobriges
651 1615 682 1671 et
701 1602 840 1672 Gabalos
862 1605 902 1672 ab
924 1604 1064 1688 utrisque

88 1698 168 1764 sides
187 1698 301 1785 accipit
318 1708 349 1765 et
365 1721 481 1786 magna
498 1709 607 1766 coacta
623 1723 719 1766 manu
735 1699 769 1766 in
780 1699 973 1788 provinciam
985 1698 1064 1765 Nar-

55 1828 58 1837 ·
86 1813 156 1858 nem
172 1815 284 1860 versus
302 1794 496 1880 eruptionem
516 1793 622 1860 facere
639 1795 806 1861 contendit.
850 1816 914 1878 quo
934 1816 968 1859 re
985 1815 1065 1859 nun-

55 1878 117 1956 hta
135 1887 255 1955 Caesar
272 1888 417 1955 omnibus
435 1888 572 1955 consiliis
591 1890 847 1957 antevertendum
866 1889 1064 1968 existimavit,

55 1981 275 2049 ttNarbonem
291 1983 547 2070 proficisceretur.
592 2006 629 2049 eo
651 2006 723 2050 cum
744 1984 895 2062 venisset,
923 1984 1065 2050 timentes

55 2076 216 2154 tonfirmat,
233 2076 389 2163 praesidia
401 2076 435 2142 in
446 2076 579 2143 Rutenis
591 2077 842 2163 provincialibus,
860 2075 969 2144 Volcis
983 2076 1066 2142 Are·
1149 2067 1153 2079 ’

55 2170 182 2249 amicis,
197 2169 398 2237 Tolosatibus
408 2171 586 2256 circumque
593 2170 782 2249 Narbonem,
796 2192 877 2255 quae
889 2170 959 2237 loca
967 2170 1065 2236 hosti·

55 2279 102 2331 tus
116 2273 206 2330 erant
217 2263 358 2344 finitima,
373 2264 542 2344 constituit,
555 2274 676 2352 partem
685 2265 845 2351 copiarum
854 2286 894 2331 ex
906 2264 1066 2351 provincia

55 2359 373 2447 supplementumque,
398 2360 482 2444 quod
499 2383 540 2428 ex
556 2360 649 2426 Italia
665 2361 849 2437 adduxerat,
872 2361 905 2425 in
921 2358 1065 2437 Helvios,

55 2453 99 2539 psi
120 2452 202 2519 fines
224 2452 439 2521 Arvemorum
460 2455 659 2542 contingunt,
686 2453 852 2521 convenire
873 2453 968 2520 iubet
1016 2450 1100 2520 hiso

55 2547 138 2614 ebus
157 2549 357 2634 comparatis,
374 2571 518 2636 represso
536 2550 599 2615 iam
616 2550 766 2616 Lucterio
784 2559 816 2615 et
831 2559 964 2628 remoto,
983 2547 1068 2634 quod

55 2650 160 2708 ntrare
168 2640 250 2707 intra
261 2643 417 2728 praesidia
429 2643 640 2729 periculosum
651 2641 791 2731 putabat,
810 2642 984 2710 inHelvios
996 2665 1068 2729 pro-

55 2735 203 2802 ioiscitur.
248 2737 307 2802 etsi
326 2759 417 2804 mons
436 2736 599 2817 Cevenna,
622 2739 677 2823 qui
698 2737 859 2805 Arverms
881 2737 921 2804 ab
943 2736 1067 2803 Helviis

55 2828 209 2908 lisoludit,
232 2830 398 2897 durissimo
419 2841 558 2918 tempore
577 2833 650 2898 anni
667 2832 820 2898 altissima
840 2832 913 2898 nive
934 2832 994 2898 iter
1010 2832 1068 2896 im·

55 2922 206 3011 pediehat,
229 2934 334 2991 tamen
356 2926 499 2992 discussa
519 2926 592 2992 nive
614 2949 671 2993 sex
686 2928 720 2993 in
737 2927 931 2994 altitudinem
952 2926 1068 3012 pedum

55 3028 142 3102 utque
163 3018 208 3085 ita
228 3018 288 3085 viis
310 3020 474 3106 patefactis
498 3043 620 3087 summo
642 3021 775 3086 militum
798 3022 910 3088 sudore
927 3021 969 3086 ad
989 3019 1067 3084 fines

55 3114 261 3179 Arvernorum
289 3115 440 3201 pervenit.
484 3115 599 3200 quibus
631 3116 791 3204 oppressis
825 3112 1067 3201 inopinantibus,

55 3207 131 3292 puod
145 3229 180 3274 se
195 3206 344 3275 Cevenna
356 3218 392 3274 ut
403 3233 492 3277 muro
505 3211 642 3278 munitos
656 3208 884 3288 existimabant,
903 3230 941 3275 ac
952 3229 993 3274 ns
1006 3207 1070 3272 sin·

55 3299 149 3388 gulari
171 3301 298 3386 quidem
319 3325 468 3388 umquam
490 3304 609 3371 homini
631 3328 669 3372 eo
687 3315 827 3390 tempore
849 3302 922 3368 anni
940 3301 1068 3368 semitae

55 3405 226 3481 patuerant,
253 3396 410 3482 equitibus
432 3398 576 3486 imperat,
603 3409 756 3485 utquam
776 3397 926 3464 latissime
947 3396 1069 3484 possint

55 3497 202 3579 vagentur
223 3498 255 3555 et
276 3511 371 3574 quam
391 3492 564 3558 maximum
585 3492 729 3559 hostibus
752 3501 900 3558 terrorem
925 3491 1067 3558 inferant.

55 3585 189 3652 celeriter
205 3584 284 3651 haec
301 3585 388 3652 fama
410 3608 448 3653 ac
463 3586 580 3652 nuntiis
603 3587 643 3652 ad
659 3585 951 3674 Vercingetorigem
967 3584 1070 3671 perte·

55 3689 171 3759 tuntum
188 3701 282 3765 quem
295 3681 448 3766 perterriti
461 3703 570 3748 omnes
582 3680 719 3746 Arverni
732 3681 963 3747 circumsistunt
976 3687 1069 3763 atque

55 3776 228 3861 rhaeorum,
246 3783 282 3839 ut
299 3775 366 3840 suis
384 3774 516 3842 fortunis
534 3774 691 3853 consulat,
709 3797 788 3841 neve
806 3775 845 3841 ab
862 3773 1005 3840 hostibus
1023 3773 1071 3839 di·

55 3870 208 3958 ipiantur,
225 3870 410 3955 praesertim
427 3892 499 3936 cum
516 3869 621 3935 videat
633 3891 725 3936 omne
740 3869 781 3935 ad
794 3891 828 3934 se
840 3868 957 3935 bellum
969 3877 1070 3935 hans-

55 3975 157 4031 atum.
201 3981 333 4046 quorum
349 3964 403 4031 ille
423 3963 569 4051 precibus
590 3973 751 4054 permotus
774 3972 875 4031 eastra
896 3985 939 4032 ex
952 3962 1070 4030 Bituri-

55 4057 134 4122 ihus
154 4058 316 4126 movetis
338 4057 506 4131 Αιιοιιιοε
529 4085 657 4138 versus.
702 4071 738 4136 at
757 4058 883 4134 Caesar
895 4055 1131 4128 hixhuum‘ma
1188 4056 1195 4063 “
