2414 4336
154 239 174 308 6
475 256 530 313 ΒΕ
546 254 673 314 BELLO
692 252 861 313 GALLICO
880 260 882 265 '

153 380 208 448 riis
226 381 373 448 finitimos
395 379 532 449 haberet
573 378 614 448 ob
632 401 685 446 eas
704 401 815 446 causas
833 378 864 445 ei
881 378 1065 459 munitioni,
1090 402 1140 465 qua

153 475 285 556 fecerat,
304 475 343 543 Τ.
360 476 540 544 Labienum
559 476 699 564 legatum
718 473 884 562 praefecit,
911 475 980 561 ipse
1002 475 1039 540 in
1057 474 1140 540 Italia

154 573 278 660 magnis
296 571 458 639 itineribus
477 569 635 638 contendit
652 571 795 655 duasque
816 569 862 636 ibi
882 569 1023 658 legiones
1044 591 1140 636 consc

153 665 200 732 bit
217 677 249 732 et
266 675 339 746 tres,
348 688 433 751 quae
450 665 568 732 circum
575 663 756 750 Aquileiam
772 663 962 743 hiemabant,
981 687 1022 731 ex
1040 665 1140 732 hiben

154 760 259 827 educit
280 768 325 840 et,
347 783 411 846 qua
430 762 608 848 proximum
629 759 689 825 iter
708 758 743 824 in
762 758 941 826 ulteriorem
963 756 1108 826 Galliam
1128 781 1140 847 q

152 854 255 941 Alpes
272 864 347 934 erat,
361 876 433 921 cum
450 853 500 919 his
518 854 656 940 quinque
672 852 849 941 legionibus
867 853 912 920 ire
929 855 1104 921 contendit

155 949 329 1017 Ceutrones
355 959 387 1014 et
414 946 571 1016 Graioceli
600 959 632 1014 et
659 946 827 1036 Caturiges
856 948 934 1014 locis
964 949 1140 1036 superiorib

153 1044 314 1130 occupatis
344 1043 453 1110 itinere
483 1042 655 1110 exercitum
687 1041 852 1130 prohibere
883 1054 1046 1109 conantur.
1099 1065 1140 1110 co:

151 1138 294 1226 pluribus
316 1137 366 1204 bis
391 1137 517 1225 proeliis
542 1137 643 1226 pulsis
669 1136 710 1204 ab
734 1135 848 1217 Ocelo,
875 1138 961 1223 quod
986 1145 1036 1204 est
1059 1139 1140 1205 citer]

151 1234 196 1301 ris
213 1232 392 1321 provinciae
415 1241 602 1312 exuemum,
624 1231 657 1298 in
678 1231 758 1299 fines
775 1231 1001 1299 Vocontiorum
1022 1231 1140 1298 ulteria

152 1327 332 1416 provincias
361 1327 413 1394 die
444 1327 577 1414 septimo
606 1327 766 1414 pervenit3
801 1326 874 1392 inde
903 1327 937 1391 in
965 1325 1140 1416 Allobrogi

152 1423 251 1504 fines,
287 1421 327 1489 ab
357 1421 584 1510 Allobrogibus
619 1422 652 1486 in
683 1419 878 1509 Segusiavos
914 1421 1088 1488 exercitum
1125 1423 1140 1488 d

153 1517 205 1583 cit.
252 1516 287 1581 hi
312 1525 385 1582 sunt
411 1525 500 1582 extra
524 1516 717 1602 provinciam
747 1516 832 1582 trans
859 1517 1051 1583 Rhodanum
1077 1517 1140 1604 prir

104 1621 135 1671 11
153 1610 293 1679 Helvetii
321 1611 386 1675 iam
414 1631 472 1696 per
501 1611 662 1698 angustias
688 1619 720 1677 et
750 1611 829 1678 fines
857 1609 1079 1696 Sequanorum
1107 1635 1140 1678 su

154 1704 260 1793 copias
286 1701 488 1771 traduxerant
514 1706 604 1771 etin
628 1705 836 1772 Haeduorum
863 1706 942 1773 fines
972 1728 1140 1792 pervenere

154 1820 323 1884 eorumque
345 1820 439 1886 agros
460 1799 701 1885 populabantur.
746 1798 888 1880 Haedui,
912 1823 984 1866 cum
1002 1823 1036 1866 se
1060 1824 1140 1888 susq

154 1893 194 1960 ab
211 1892 251 1960 iis
273 1891 442 1959 defendere
463 1914 527 1958 non
547 1900 692 1979 possent,
714 1893 835 1981 legatos
854 1894 895 1959 ad
914 1893 1086 1961 Caesarem
1109 1919 1140 1961 m

153 1996 224 2052 tunt
245 1996 390 2074 rogatum
412 1985 578 2051 auxilium:
604 1986 649 2051 ita
670 2008 705 2053 se
727 1987 972 2074 omnitempore
994 1989 1033 2054 de
1061 2011 1140 2078 popr

153 2080 297 2148 Romano
319 2081 447 2146 meritos
474 2101 558 2160 esse,
584 2088 620 2145 ut
645 2100 745 2166 paene
771 2081 806 2146 in
831 2091 1000 2169 conspectu
1021 2085 1140 2150 exercit

154 2175 254 2242 nostri
279 2175 348 2262 agri
373 2175 504 2255 vastari,
534 2173 626 2241 liberi
651 2196 760 2241 eorum
785 2174 819 2240 in
845 2177 1026 2243 servitutem
1053 2177 1140 2245 abdu

154 2269 269 2357 oppida
286 2269 461 2359 expugnari
476 2291 541 2336 non
554 2268 726 2337 debuerint.
770 2269 881 2336 eodem
899 2279 1036 2357 tempore
1051 2271 1140 2339 Hae(

153 2363 311 2442 Ambarri,
321 2365 490 2432 necessarii
502 2373 534 2429 et
546 2364 772 2450 consanguinei
781 2364 996 2443 Haeduorum,
1008 2364 1140 2433 Caesam

154 2459 316 2523 certiorem
332 2457 453 2522 faciunt
470 2479 540 2523 sese
556 2455 752 2542 depopulatis
771 2458 854 2544 agris
872 2479 935 2522 non
952 2457 1044 2524 facile
1063 2459 1104 2525 ab
1127 2485 1140 2527 t

153 2552 236 2638 pidis
253 2551 318 2616 vim
335 2550 474 2616 hostium
490 2548 665 2636 prohibere.
703 2551 779 2616 item
796 2550 1000 2639 Allobroges,
1019 2555 1075 2638 qui
1092 2565 1140 2621 tra

153 2644 344 2713 Rhodanum
367 2645 455 2711 vicos
481 2644 761 2731 possessionesque
783 2644 954 2725 habebant,
977 2646 1055 2734 fuga
1078 2671 1114 2713 se

156 2739 325 2806 Caesarem
341 2739 495 2825 recipiunt
507 2747 539 2804 ct
551 2739 765 2805 demonstrant
778 2739 839 2806 sibi
855 2749 978 2827 praeter
989 2740 1058 2828 agri
1076 2744 1140 2809 solt

154 2833 232 2899 nihil
249 2855 318 2899 esse
335 2832 456 2918 reliqui.
492 2831 607 2918 quibus
624 2832 719 2899 rebus
738 2832 891 2900 adductus
909 2833 1027 2901 Caesar
1043 2858 1110 2902 non
1129 2861 1140 2903 ε

155 2927 360 3014 spectandum
378 2926 439 2993 sibi
457 2927 578 3007 statuit,
601 2926 677 2993 dum
695 2927 840 2994 omnibus
867 2928 999 2994 fortunis
1023 2930 1140 2997 sociort

156 3022 348 3106 consumptis
366 3021 399 3086 in
418 3018 577 3088 Santonos
594 3020 735 3087 Helvetii
750 3022 957 3108 pervenirent.

105 3137 137 3188 ιι
215 3114 351 3183 Flumen
373 3124 420 3180 est
437 3114 534 3194 Arar,
558 3116 643 3200 quod
663 3137 720 3202 per
740 3115 819 3181 fines
837 3115 1043 3183 Haeduorum
1065 3128 1098 3184 et
1122 3117 1140 3186 S

154 3233 329 3296 quanorum
346 3210 379 3274 in
395 3208 586 3276 Rhodanum
602 3209 704 3275 influit
724 3210 898 3277 incredibili
919 3212 1060 3290 lenitate,
1083 3214 1129 3278 ita

155 3307 263 3386 oculis,
276 3306 310 3370 in
327 3314 429 3372 utram
445 3313 567 3391 partem
583 3304 670 3382 fluat,
683 3305 815 3371 iudicari
831 3329 894 3371 non
910 3306 1022 3392 possit.
1052 3306 1087 3372 id
1099 3307 1140 3372 H<

155 3401 231 3466 vetii
251 3399 371 3466 ratibus
394 3422 432 3467 ac
452 3398 597 3465 lintribus
619 3398 733 3465 iunctis
752 3399 934 3466 transibant
977 3400 1032 3466 ubi
1049 3422 1140 3487 pere

154 3493 326 3581 ploratores
350 3492 469 3560 Caesar
490 3493 602 3560 certior
627 3492 729 3560 factus
757 3504 818 3572 est,
845 3504 908 3561 tres
930 3494 993 3560 iam
1015 3495 1140 3581 copiaru

154 3596 259 3679 partes
277 3585 442 3653 Helvetios
459 3587 493 3652 id
509 3588 626 3654 flumen
643 3588 832 3666 traduxisse,
858 3597 1000 3672 quartam
1022 3588 1090 3653 fere
1106 3610 1140 3675 pa

155 3694 219 3749 tem
236 3681 314 3748 citra
330 3681 447 3746 flumen
463 3682 590 3748 Ararim
611 3682 763 3793 reliquam
785 3705 871 3762 esse,
895 3683 934 3749 de
957 3682 1048 3748 tertia
1068 3683 1140 3771 vigil

157 3798 228 3842 cum
245 3775 424 3888 legionibus
442 3776 542 3843 tribus
560 3801 577 3843 e
595 3776 706 3843 castris
728 3777 888 3864 profectus
906 3778 1034 3843 adeam
1055 3787 1140 3864 parte

157 3871 310 3958 pervenit,
334 3893 415 3957 quae
431 3871 571 3937 nondum
588 3872 706 3938 fiumen
723 3872 896 3939 transierat.
936 3895 991 3939 eos
1008 3872 1140 3959 impedit

158 3974 189 4030 et
203 3966 399 4053 inopinantes
411 3989 581 4056 aggressus
598 3989 746 4054 magnam
764 3989 871 4034 eorum
888 3977 1009 4077 partem
1027 3969 1140 4034 concid

139 4057 259 4146 reliqui
282 4061 384 4152 fugae
409 4085 484 4133 sese
511 4062 706 4132 mandarunt
730 4072 826 4149 atque
842 4061 883 4126 in
901 4063 1064 4148 proirmas
1097 4062 1116 4088 ¹
