2414 4336
330 248 448 308 oouu
465 251 503 306 u
520 251 605 308 s-s.
934 235 974 304 31
1061 244 1064 248 ·

11 375 103 445 dest
120 377 155 443 in
171 375 318 443 extremis
335 376 507 442 Remorum
523 375 653 454 finibus,
680 374 850 441 exercitum
871 373 978 438 tradu-

11 469 208 538 smaturasit
224 479 318 556 atque
335 468 380 536 ibi
396 479 500 536 castra
520 470 636 556 posuit
680 491 761 554 quae
777 490 828 534 res
847 478 878 533 et
894 467 976 533 latus

11 586 54 631 :m
71 574 243 632 castrorum
259 564 337 651 ripis
354 563 492 630 fluminis
505 563 666 631 muniebat
683 572 799 650 etpost
811 584 883 628 eum
897 583 978 646 quae

11 669 72 739 snt,
89 669 153 727 tuta
167 660 210 726 ab
226 659 371 726 hostibus
383 657 533 727 reddebat
546 669 586 739 et,
604 668 797 725 commeatus
815 657 854 725 ab
867 657 977 723 Remis

11 755 142 840 quisqn
168 752 347 822 civitatibus
373 763 409 820 ut
434 753 503 820 sine
528 752 667 842 periculo
694 754 735 820 ad
764 776 836 819 eum
861 752 979 838 portari

11 859 98 933 pent,
118 847 288 916 efficiebat.
330 846 420 915 ineo
437 848 564 914 flumine
581 870 662 934 pons
680 856 755 913 erat.
800 846 844 914 ibi
859 846 979 933 praesi-

59 943 146 1032 ponit
163 951 196 1008 et
211 941 245 1008 in
267 941 364 1009 altera
384 952 473 1028 parte
493 943 631 1008 fluminis
651 940 692 1025 Q.
711 942 867 1008 Titurium
886 938 980 1008 Sabi-

11 960 187 1303 {pegatum
204 1058 277 1103 cum
296 1059 353 1103 sex
370 1036 549 1104 cohortibus
566 1037 727 1122 relinquit3
745 1045 848 1103 castra
865 1036 897 1101 in
910 1034 980 1100 alti-

60 1156 93 1198 m
122 1132 241 1219 pedum
270 1131 437 1198 duodecim
466 1131 550 1198 vallo
584 1130 734 1215 fossaque
764 1129 979 1217 duodevig'nti

85 1226 210 1292 munire
226 1226 323 1293 iubet.

11 1314 70 1397 ,ΑΒ
101 1320 154 1386 bis
184 1321 295 1387 castris
325 1321 477 1409 oppidum
502 1321 675 1387 Remorum
705 1319 831 1384 nomine
860 1317 1014 1386 Bibraxo

10 1402 60 1590 tut
77 1414 168 1480 milia
188 1436 339 1501 passuum
361 1425 442 1483 octo.
486 1415 520 1480 id
536 1437 577 1480 ex
597 1415 707 1480 itinere
728 1435 844 1501 magno
860 1411 980 1498 impetu

54 1531 72 1575 e
96 1531 280 1597 oppugnare
302 1518 480 1596 coeperunt.
525 1530 618 1597 aegre
640 1531 678 1575 eo
699 1508 750 1574 die
772 1516 980 1574 sustentatum

31 1599 204 1670 Gallorum
216 1604 326 1670 eadem
339 1614 432 1688 atque
440 1603 613 1691 Belgarum
625 1603 818 1691 oppugnatio
832 1611 880 1669 est
892 1602 980 1668 haee.

19 1697 228 1764 circumiecta
244 1698 441 1765 multitudine
463 1698 624 1764 hominum
645 1699 719 1765 totis
740 1697 905 1764 moenibus
921 1720 982 1763 un-

10 1804 43 1856 te
61 1793 99 1858 in
117 1815 243 1858 murum
259 1793 379 1879 lapides
397 1793 457 1859 iaci
475 1794 577 1879 coepti
594 1801 669 1859 sunt
684 1814 855 1877 murusque
872 1791 981 1858 defen-

10 1877 77 1953 bus
102 1887 240 1953 nudatus
263 1896 323 1966 est,
351 1888 508 1954 testudine
534 1887 618 1954 facta
645 1885 781 1976 [portas]
809 1886 981 1953 succedunt

10 1997 144 2066 umque
162 1980 325 2048 subruunt.
369 1982 454 2067 quod
471 1991 538 2048 tum
555 1981 648 2049 facile
669 1981 773 2048 fiebat.
817 2005 891 2047 nam
909 2003 982 2047 cum

10 2094 36 2142 a
53 2075 229 2142 multitudo
245 2075 365 2163 lapides
384 2099 421 2143 ac
439 2077 502 2143 tela
519 2078 703 2155 oonioerent,
721 2077 755 2142 in
772 2099 862 2143 muro
880 2077 983 2143 consi-

10 2170 55 2236 di
87 2178 230 2257 potestas
256 2179 322 2236 erat
347 2170 434 2236 nulli.
479 2192 551 2236 oum
572 2171 668 2236 finem
689 2171 893 2258 oppugnandi
918 2192 982 2235 nox

10 2274 98 2343 sset,
124 2263 230 2330 Iccius
247 2264 382 2343 Remus,
410 2288 534 2331 summa
550 2264 711 2331 nobilitate
733 2275 764 2329 et
785 2264 886 2352 gratia
902 2263 983 2327 inter

10 2378 35 2439 s,
56 2357 117 2444 qui
130 2368 199 2424 tum
211 2359 327 2446 oppido
340 2359 528 2445 praefuerat,
546 2382 628 2425 unus
642 2381 683 2425 ex
695 2359 744 2437 iis,
763 2359 817 2443 qui
829 2357 926 2445 legati
942 2356 982 2422 de

10 2470 28 2517 s
46 2453 94 2520 ad
112 2451 283 2520 Caesarem
300 2463 464 2532 venerant,
486 2454 630 2520 nuntium
648 2454 689 2520 ad
706 2476 778 2520 eum
795 2453 903 2530 mittit,
921 2451 983 2516 nisi

10 2548 136 2614 sidium
162 2547 223 2615 sibi
249 2546 463 2627 submittatur,
496 2571 566 2615 sese
593 2548 709 2615 diutius
740 2547 894 2614 sustinere
918 2569 983 2612 uon

10 2662 60 2711 se.
113 2663 152 2708 eo
174 2642 213 2708 de
239 2643 344 2709 media
365 2652 457 2710 nocte
480 2642 600 2710 Caesar
619 2644 720 2709 isdem
741 2642 874 2710 ducibus
897 2659 1018 2719 usus?

13 2735 128 2805 nuntii
141 2736 275 2804 abIooio
288 2747 447 2817 venerant,
465 2737 619 2804 Numidas
633 2748 664 2803 et
678 2736 789 2804 Cretas
808 2737 985 2825 sagittarios

9 2829 182 2897 'unditores
199 2830 348 2898 Baleares
372 2832 512 2899 subsidio
535 2832 699 2918 oppidanis
722 2832 828 2910 mittit3
852 2853 985 2916 quorum

9 2936 96 2992 ‘entu
123 2934 154 2991 et
175 2925 285 2992 Remis
307 2947 381 2992 cum
407 2949 464 3014 spe
490 2926 681 2992 defensionis
709 2927 848 2992 studium
868 2948 986 3013 propu-

9 3020 77 3087 ndi
94 3020 237 3098 accessit,
256 3030 287 3088 et
303 3021 447 3088 hostibus
466 3022 576 3087 eadem
593 3021 633 3086 de
646 3043 743 3087 causa
756 3043 829 3108 spes
841 3021 984 3107 potiundi

9 3116 66 3181 sidi
88 3115 244 3182 discessit.
288 3116 394 3201 itaque
415 3117 575 3203 paulisper
596 3117 681 3203 apud
702 3117 854 3202 oppidum
874 3115 985 3182 morati

9 3231 117 3295 osque
138 3209 312 3276 Remorum
338 3212 518 3298 depopulati
545 3210 690 3278 omnibus
717 3211 795 3277 vicie
823 3210 986 3276 aedificiis-

9 3325 29 3382 ε,
47 3325 132 3389 quos
145 3304 231 3370 adire
243 3315 418 3392 potuerant,
437 3307 574 3372 incensis
588 3307 630 3372 ad
642 3316 745 3372 castra
759 3304 905 3372 Caesaris
919 3325 987 3368 om-

9 3420 53 3464 ns
76 3398 177 3485 copiis
201 3400 427 3467 contenderunt
449 3411 481 3466 et
502 3401 543 3467 ab
566 3401 692 3466 milibus
713 3422 866 3486 passuum
883 3398 986 3462 minus

9 3492 84 3561 obus
104 3502 208 3560 castra
221 3506 407 3582 posuerunt3
426 3517 507 3580 quae
523 3505 634 3574 castra,
651 3505 688 3560 ut
700 3495 789 3560 sumo
803 3503 896 3577 atque
908 3491 989 3580 igni-

9 3609 23 3653 s
40 3586 290 3676 significabatur,
312 3590 446 3676 amplius
465 3588 591 3655 milibus
608 3610 763 3676 passuum
784 3597 854 3654 octo
870 3588 904 3652 in
920 3587 991 3652 lati-

9 3680 104 3748 linem
121 3683 279 3771 patebant.
312 3683 432 3752 Caesar
448 3685 549 3771 primo
568 3693 599 3749 et
615 3693 743 3770 propter
759 3681 989 3747 multitudinem
1007 3700 1023 3748 s

9 3776 102 3844 stium
133 3787 165 3844 et
190 3789 317 3868 propter
343 3780 490 3846 eximiam
515 3780 695 3866 opinionem
725 3777 846 3843 virtutis
872 3774 990 3861 proelio

9 3871 170 3957 persedere
197 3874 320 3953 statuit3
351 3874 464 3940 cotidie
491 3885 596 3940 tamen
627 3870 823 3959 equestribus
852 3867 989 3955 proeliis,

9 3964 42 4032 id
56 3967 157 4036 hostis
175 3968 289 4035 virtute
306 3979 415 4057 posset
431 3978 463 4035 et
479 3969 556 4053 quid
572 3968 670 4035 nostri
688 3968 853 4043 auderent,
869 3962 993 4050 pericli-

9 4057 94 4126 tatur.
141 4061 196 4128 ubi
212 4073 339 4130 nostros
359 4086 425 4133 non
447 4085 521 4134 osse
543 4064 716 4136 inferiores
737 4059 920 4138 'anteponas
933 4057 1017 4125 W
1191 4149 1198 4163 ‚
