2414 4336
153 277 214 343 120
465 288 517 345 DE
534 287 662 345 BELLO
682 284 851 346 clauco

152 411 383 492 existimabant,
410 413 452 479 ad
469 411 639 480 Caesarem
655 412 867 500 perduxerunt
891 432 1028 497 seseque
1045 410 1095 476 eil

151 511 272 576 derunt.
306 507 422 594 quibus
438 507 533 574 rebus
550 507 701 574 confectis
721 506 842 575 Caesar
857 506 902 573 ad
919 505 1095 593 oppiduml

150 604 263 682 ricem,
289 602 375 688 quod
396 611 462 668 erat
482 601 655 668 maximum
675 601 988 686 munitissimumque
1009 601 1042 666 in
1060 599 1095 665 fin

151 697 328 784 Biturigum
350 705 443 781 atque
464 696 533 784 agri
553 694 745 762 fertilissima
766 696 911 784 regione,
933 693 1088 782 profectus

151 793 236 877 quod
258 814 295 858 eo
316 791 432 878 oppido
452 801 578 879 recepto
600 792 758 857 civitatem
774 791 957 879 Biturigum
981 813 1017 856 se
1036 791 1095 878 inp

147 894 265 954 statem
281 885 479 951 redacturum
495 883 682 952 confidebat.
1055 965 1058 973 Ι

103 1004 135 1053 14
215 978 455 1066 Vercingetorix
472 989 518 1045 tot
535 980 689 1046 continuis
706 979 914 1046 incommodis
932 977 1095 1045 Vellaunol

156 1073 291 1152 Cenabi,
317 1073 497 1140 Novioduni
514 1074 650 1161 acceptis
672 1096 747 1140 suos
765 1074 807 1139 ad
827 1073 1000 1141 concilium
1017 1095 1095 1140 conv

153 1170 244 1235 docet
268 1167 362 1256 longe
387 1168 449 1234 alia
473 1167 593 1234 ratione
618 1189 689 1234 esse
714 1167 832 1234 bellum
860 1168 1053 1255 gerendum,
1080 1191 1095 1233 a

152 1273 245 1331 antea
266 1264 306 1330 sit
327 1273 462 1353 gestum.
505 1263 650 1331 omnibus
676 1264 778 1329 modis
803 1262 877 1328 huic
903 1263 952 1329 rei
980 1263 1095 1329 student

152 1367 189 1424 ut
213 1357 411 1445 pabulatione
438 1365 470 1424 et
495 1367 671 1424 commeatu
696 1357 833 1424 Romani
860 1356 1095 1444 prohibeantur.

154 1475 224 1520 esse
249 1453 357 1533 facile,
386 1452 473 1538 quod
498 1452 637 1537 equitatu
662 1451 724 1538 ipsi
749 1450 909 1517 abundent
935 1461 971 1516 et
996 1451 1081 1536 quod

154 1557 293 1634 tempore
311 1546 520 1614 subleventur.
563 1543 715 1631 pabulum
731 1547 830 1612 secari
850 1567 915 1611 nou
931 1567 1048 1633 posse,
1073 1569 1095 1611 n

156 1641 237 1708 sario
254 1641 412 1728 dispersos
429 1640 536 1707 hostes
554 1662 594 1705 ex
611 1639 761 1706 aedificiis
778 1649 898 1726 petere:
919 1639 983 1707 hos
1002 1661 1094 1706 omne

154 1735 230 1801 tidie
251 1734 291 1801 ab
313 1734 470 1820 equitibus
492 1734 588 1800 deleri
613 1756 717 1821 posse.
760 1744 921 1820 practerea
949 1735 1064 1801 salutis
1086 1755 1095 1800 t

154 1830 201 1896 rei
217 1829 378 1895 familiaris
396 1828 561 1895 commoda
577 1828 786 1917 neglegenda:
812 1828 900 1894 vicos
923 1837 1023 1914 atque
1042 1828 1095 1894 aed

154 1923 281 1990 incendi
301 1932 441 2010 oportere
461 1923 522 1988 hoc
544 1923 645 2008 spatio
668 1920 703 2010 [a
719 1919 814 2010 Boia]
837 1944 1094 2007 quoqueversus,

155 2017 325 2106 pabulandi
342 2039 438 2084 causa
449 2017 535 2083 adire
547 2039 642 2104 posse
655 2016 827 2083 videantur.
853 2016 968 2082 harum
986 2017 1095 2103 ipsisr

156 2112 279 2200 copiam
287 2121 459 2199 suppetere,
478 2112 572 2196 quod,
595 2133 727 2196 quorum
740 2111 774 2176 in
786 2110 901 2177 linibus
910 2110 1034 2177 bellum
1047 2134 1095 2199 ger

156 2229 265 2275 corum
282 2207 394 2295 opibus
413 2206 626 2274 subleventur:
648 2206 809 2272 Romanos
827 2214 881 2270 aut
896 2205 1043 2292 inopium
1059 2228 1095 2272 no

157 2312 243 2370 turos
261 2312 316 2371 aut
332 2323 447 2390 magno
464 2324 537 2368 oum
555 2300 693 2388 periculo
713 2300 838 2388 longius
860 2298 901 2366 ab
923 2301 1040 2367 castris
1058 2322 1095 2387 pr

159 2421 263 2478 suros3
289 2420 391 2483 neque
407 2397 575 2475 interesse,
602 2396 730 2482 ipsosne
746 2394 947 2474 interficiant,
976 2395 1095 2482 impedi

158 2492 239 2557 tiene
269 2501 398 2571 exuant,
433 2491 547 2577 quibus
578 2489 703 2556 amissis
733 2488 851 2556 bellum
880 2489 950 2577 geri
980 2512 1048 2556 non
1073 2512 1095 2576 p

159 2596 319 2672 praeterea
335 2586 451 2673 oppida
466 2585 591 2651 incendi
609 2593 759 2671 oportere,
777 2605 859 2669 quae
876 2604 941 2649 non
959 2584 1095 2650 munitio

159 2681 221 2745 loci
241 2689 351 2745 nutura
373 2678 413 2745 ab
436 2680 521 2745 omni
544 2679 605 2746 sint
622 2678 761 2766 periculo
782 2687 861 2757 tuta,
888 2700 953 2744 neu
976 2679 1045 2744 suis
1064 2679 1095 2744 si

159 2773 391 2840 detractandam
407 2772 550 2838 militiam
565 2772 761 2860 receptacula
776 2795 839 2839 neu
854 2771 1010 2839 Romanis
1023 2793 1095 2860 prop

159 2868 201 2936 ad
227 2862 349 2955 copiam
370 2876 562 2933 commeatus
588 2867 798 2953 praedamque
823 2865 1005 2933 tollendam.
1051 2866 1095 2932 ha

159 2961 268 3051 gravia
284 2970 338 3026 aut
355 2958 467 3027 acerba
483 2961 656 3040 videantur,
673 2960 773 3027 multo
789 2961 843 3026 illa
860 2961 989 3049 gravium
1004 2961 1095 3027 aestir

160 3055 289 3134 liberos,
316 3054 464 3143 coniuges
490 3055 524 3119 in
546 3055 726 3121 servitutem
751 3053 903 3132 abstrahi,
929 3053 1020 3140 ipsos
1042 3055 1095 3120 into

111 3171 143 3221 15
160 3172 240 3236 quae
263 3149 303 3216 sit
322 3170 452 3215 necesse
473 3148 613 3215 accidere
634 3149 734 3214 victis.
778 3148 917 3214 omnium
939 3169 1095 3214 consensu

160 3247 313 3313 sententia
332 3245 463 3332 probata
483 3266 547 3309 uno
569 3243 620 3310 die
642 3242 776 3329 amplius
794 3241 869 3308 XX
885 3241 980 3308 urbes
999 3242 1095 3309 Bitur

159 3341 373 3407 incenduntur.
412 3339 473 3405 hoc
488 3339 574 3404 idem
590 3338 626 3403 lit
642 3338 675 3402 in
691 3337 819 3423 reliquis
837 3336 1028 3402 civitatibus.
1069 3337 1095 3402 in

102 3441 105 3447 '
159 3435 253 3501 nibus
274 3434 414 3522 partibus
435 3433 579 3500 incendia
601 3432 847 3518 conspiciuntur3
873 3452 953 3516 quae
980 3431 1044 3497 etsi
1069 3455 1095 3497 m

161 3553 233 3596 cum
250 3530 355 3595 dolore
374 3551 482 3595 omnes
499 3527 651 3605 ferebant,
670 3536 775 3592 tumen
791 3526 852 3592 hoc
869 3524 930 3592 sibi
948 3525 1055 3592 solatii
1071 3548 1095 3614 p:

160 3624 290 3701 nebant,
317 3623 403 3708 quod
419 3646 454 3689 se
470 3645 568 3710 prope
585 3620 745 3708 explorata
761 3619 891 3686 victoria
908 3618 1053 3686 celeriter
1069 3644 1095 3687 ar

161 3726 395 3806 recuperaturos
425 3715 632 3783 confidebant.
685 3713 873 3781 deliberatur
906 3714 946 3778 de
976 3714 1095 3780 Avario

162 3810 321 3879 communi
337 3809 477 3889 concilio,
494 3810 620 3876 incendi
636 3809 781 3896 placeret,
800 3831 841 3873 an
859 3806 994 3872 defendi
1041 3831 1095 3895 pro

151 3905 241 3994 'bunt
257 3904 401 3973 omnibus
421 3901 522 3970 Gallis
539 3903 581 3969 ad
592 3903 689 3990 pedes
702 3902 871 3989 Bituriges,
890 3922 930 3966 ne
942 3901 1095 3987 pulcherr]

145 4022 250 4088 prope
279 4001 378 4069 totius
401 3995 529 4069 Galliae
553 3998 684 4076 urbem,
709 4017 793 4080 quae
816 4005 852 4058 et
866 3995 1026 4077 praesrtim
1045 4009 1085 4062 et

134 4107 251 4166 mento
280 4099 324 4168 sit
354 4098 496 4177 eiurat
527 4097 598 4164 suis
619 4090 774 4161 manibus
796 4085 990 4156 succenbere
1012 4105 1095 4167 aava
