2528 4336
152 287 214 352 168
466 299 518 355 DE
536 299 662 357 BELLO
683 299 849 358 GALLIOO

148 444 263 509 raeque
280 423 422 490 civitates
438 424 560 511 positae
577 424 611 490 in
624 424 741 490 ultimis
756 421 879 492 Galliae
896 423 1021 503 finibus,
1043 421 1079 491 Ο1

149 517 344 599 coniunctae,
367 539 447 604 quae
464 516 666 585 Aremoricae
684 517 891 606 appellantur,
917 517 1079 584 auctoritat

148 612 261 679 ductae
288 611 463 679 Carnutum
489 614 627 682 adventu
652 614 745 682 Fabii
773 613 996 702 legionumque
1021 613 1079 701 imp

148 707 216 775 sine
233 729 321 775 mora
337 707 465 774 iaciunt.
492 708 679 776 Dumnacus
693 709 759 777 suis
772 709 887 777 finibus
901 708 1052 796 expulsus
1066 731 1079 774 ε

147 800 335 888 latitansque
366 802 452 870 solus
482 813 637 870 extremas
665 800 788 871 Galliae
818 804 961 891 regiones
987 812 1079 890 peten

97 916 130 968 33
148 905 286 962 coactus.
333 906 366 963 at
391 895 538 984 Drappes
565 919 690 984 unaque
715 897 898 978 Lucterius,
930 920 1003 964 cum
1031 897 1079 986 leg

149 988 379 1076 Caniniumque
401 989 512 1057 adesse
534 1001 758 1080 cognoscerent
778 1014 838 1059 nec
859 1015 894 1058 se
912 991 979 1059 sine
1002 1001 1079 1058 certa

146 1085 227 1151 nicie
244 1093 450 1173 persequente
468 1086 605 1152 exercitu
618 1095 763 1173 putarent
776 1087 954 1174 provinciae
966 1086 1046 1153 fines
1060 1087 1079 1152 ir

147 1200 242 1268 posse
258 1198 318 1245 neo
338 1179 403 1245 iam
422 1173 521 1247 libere
541 1179 678 1267 vagandi
699 1180 992 1265 latrociniorumque
1014 1180 1079 1247 faci

146 1296 218 1340 rum
239 1272 420 1341 facultatem
441 1272 607 1354 haherent,
633 1273 666 1339 in
682 1273 797 1341 finibus
820 1275 995 1342 consistunt
1013 1273 1079 1341 Cad

146 1389 227 1433 rum.
252 1367 298 1435 ibi
315 1390 387 1436 cum
399 1367 568 1436 Lucterius
586 1367 671 1455 apud
684 1390 759 1434 suos
773 1368 858 1436 cives
871 1369 1029 1455 quondam
1042 1368 1079 1434 in

148 1459 242 1529 rebus
260 1462 394 1528 multum
410 1464 579 1549 potuisset,
600 1483 785 1550 semperque
803 1472 912 1530 auctor
928 1485 1079 1529 novorum

149 1555 288 1622 siliorum
304 1579 453 1645 magnam
471 1557 555 1643 apud
566 1556 718 1625 barbaros
733 1557 948 1624 auctoritatem
961 1557 1077 1624 habere

148 1651 258 1738 pidum
270 1649 516 1730 Uxellodunum,
534 1651 620 1736 quod
632 1650 666 1717 in
679 1651 822 1718 clientela
834 1651 937 1718 fuerat
950 1651 1028 1730 eius,
1047 1675 1079 1739 eg

148 1754 260 1811 natura
275 1744 337 1811 loci
353 1746 517 1823 munitum,
536 1754 669 1834 occupat
687 1745 753 1812 suis
771 1755 802 1813 et
814 1745 986 1835 Drappetis
1005 1746 1079 1833 copi

98 1861 131 1910 33
148 1839 343 1928 pidanosqus
361 1839 422 1907 sibi
439 1839 610 1929 coniungit.
638 1863 701 1927 quo
718 1862 792 1908 cum
809 1840 976 1908 confestim
995 1837 1080 1907 Gaiu

147 1933 253 2000 ninius
277 1934 416 2002 venisset
445 1933 765 2021 animadverteretque
792 1957 900 2002 omnes
931 1935 1038 2022 oppidi
1068 1957 1079 2022 1

147 2029 410 2117 praeruptissimis
432 2028 517 2095 saxis
536 2049 608 2096 esse
629 2029 774 2108 munitas,
798 2050 860 2115 qno
882 2029 1069 2096 defendente

148 2133 253 2190 tamen
270 2124 396 2190 armatis
415 2124 584 2193 ascendere
601 2133 684 2191 esset
702 2123 843 2204 difficile,
862 2147 977 2212 magna
994 2134 1079 2190 auter

150 2217 330 2305 pedimenta
347 2218 574 2306 oppidanorum
591 2218 723 2297 videret,
743 2239 824 2303 quae
842 2218 870 2284 si
887 2217 1079 2284 clandestina

151 2310 333 2378 subtrahere
350 2321 544 2391 conarentur,
564 2311 702 2400 effugere
719 2334 783 2379 non
800 2312 894 2379 modo
913 2312 1079 2397 equitatum

147 2428 189 2472 ne
205 2404 346 2492 legiones
368 2406 495 2491 quidem
516 2416 659 2494 possent,
687 2406 839 2494 tripertito
862 2405 1041 2474 cohortibus
1065 2405 1079 2470 d

148 2499 230 2565 trina
251 2499 465 2568 excelsissimo
490 2499 560 2567 loco
583 2510 685 2567 casua
710 2500 799 2581 iecit3
826 2525 846 2567 a
871 2500 986 2586 quibus
1012 2498 1079 2587 pan'

148 2603 301 2679 quantum
323 2593 431 2681 copiae
452 2593 663 2682 patiebantur,
690 2594 808 2662 vallum
830 2595 863 2661 in
885 2595 992 2683 oppidi
1010 2595 1079 2660 circi

100 2708 131 2755 ct
148 2688 262 2755 ducere
278 2688 421 2756 instituit.
461 2689 635 2774 quodcum
653 2690 935 2757 animadverterent
951 2689 1079 2777 oppidar

150 2783 339 2867 serrimaque
352 2780 481 2849 Alesiae
493 2784 643 2852 memoria
656 2783 780 2852 solliciti
796 2785 931 2851 similem
944 2806 1052 2850 casum
1066 2807 1079 2851 c

149 2873 246 2942 sionis
263 2885 456 2956 vererentur,
478 2879 678 2964 maximeque
696 2901 737 2946 ex
754 2878 899 2946 omnibns
916 2879 1079 2945 Lucterius

148 2970 291 3038 fortunae
307 2970 391 3037 illius
407 2971 582 3059 periculum
598 2974 731 3053 fecerat,
752 2983 893 3041 moneret
914 2973 1064 3039 frumenti

147 3088 221 3133 nem
237 3087 308 3134 3333
324 3064 516 3148 habendam,
544 3069 737 3135 constituunt
754 3067 894 3135 omnium
912 3089 1068 3134 consensu

147 3160 191 3227 ibi
211 3161 319 3228 relicta
340 3161 499 3247 copiarum
521 3160 583 3249 ipsi
604 3184 675 3229 cum
698 3161 851 3249 expeditis
878 3162 919 3228 ad
940 3161 1079 3248 importat

148 3253 338 3321 frumentum
355 3255 520 3342 proficisci.
565 3278 602 3322 eo
620 3257 750 3323 consilio
767 3256 900 3344 probato
921 3255 1065 3343 proxima

148 3348 270 3416 duobus
296 3349 422 3417 milibus
453 3359 644 3417 armatorum
672 3351 788 3417 relictis
819 3351 956 3437 reliquos
988 3372 1028 3415 ex
1058 3371 1079 3435 3

146 3440 295 3530 Drappes
312 3453 344 3510 et
360 3445 529 3512 Lucterius
547 3445 692 3512 educunt
732 3445 766 3510 hi
782 3468 900 3532 paucos
919 3445 986 3512 dies
1004 3466 1079 3510 mors

147 3534 262 3604 finibus
281 3536 510 3617 Cadurcorum,
533 3539 587 3624 qui
604 3539 719 3626 partim
735 3561 770 3606 re
786 3539 990 3606 frumentaria
1008 3535 1079 3605 subl

148 3652 202 3698 eos
216 3630 392 3718 cupiebant,
409 3631 523 3719 partim
537 3633 712 3719 prohibere,
730 3634 910 3720 quominus
924 3641 1079 3702 sumerent

147 3734 299 3812 poterant,
312 3749 463 3814 magnum
474 3750 641 3794 nnmerum
653 3729 802 3796 frumenti
815 3738 1004 3817 comparant,
1018 3750 1079 3794 non

148 3842 243 3904 quam
265 3830 368 3888 autem
391 3821 640 3907 expeditionibus
666 3823 825 3890 nocturnis
847 3822 976 3891 castella
995 3831 1079 3888 nostr

136 3914 332 3983 adoriuntur.
360 3937 458 4004 quam
476 3915 517 3985 ob
537 3939 668 3985 oausam
684 3913 788 3985 Gaius
803 3915 957 3983 Caninius
974 3925 1039 3981 toto
1057 3937 1079 3981 3·

118 4007 323 4080 munitiones
335 4012 544 4082 mcumdare·
555 4021 713 4094 moratur,
729 4035 773 4078 ne
783 4019 843 4076 aut
853 4031 937 4094 opus
948 4006 1079 4071 cusona

102 4119 174 4164 non
189 4105 309 4190 possit
324 4119 389 4178 aut
404 4110 568 4202 plurimis
585 4108 722 4178 inlotris
734 4105 869 4173 infirma
879 4100 1031 4183 disponat
1038 4115 1079 4177 pr
