2528 4336
186 114 231 183 24
500 129 553 185 DE
571 127 698 186 BELLO
718 127 886 186 olomeo

187 276 245 322 nos
263 275 332 320 esse
349 253 483 338 iniquos,
501 253 556 338 qui
571 253 605 318 in
622 275 680 320 suo
692 254 759 319 iure
773 275 807 318 se
818 251 1095 338 interpellaremus.
1120 274 1162 338 qu

187 348 298 415 fratres
316 371 336 415 a
353 357 463 414 senatu
480 347 633 415 Haeduos
655 349 825 435 appellatos
847 347 976 426 diceret,
1003 370 1068 412 non
1090 369 1124 413 se
1140 357 1194 413 tam

187 442 354 511 barbarum
370 465 472 528 neque
489 451 554 508 tam
570 443 748 530 imperitum
765 464 836 508 esse
847 464 961 521 rerum,
979 451 1015 506 ut
1031 463 1096 508 non
1113 441 1194 507 sciret
1219 443 1256 506 i

186 559 288 622 neque
305 536 387 603 bello
404 535 613 623 Allobrogum
629 537 771 623 proximo
784 536 936 602 Haeduos
949 534 1101 602 Romanis
1118 533 1193 600 auxi·
1218 534 1256 598 ζμ

186 630 264 697 lium
281 630 390 696 tulisse
408 651 508 714 neque
525 632 612 716 ipsos
629 632 664 695 in
679 631 729 696 his
748 629 1007 709 contentionibus,
1026 652 1104 714 quas
1118 628 1194 694 Hae·
1243 653 1256 693 r

187 725 242 790 dui
268 746 375 790 secum
400 733 432 789 et
457 745 529 788 cum
557 721 712 807 Sequanis
734 722 931 802 habuissent,
957 724 1074 790 auxilio
1098 719 1221 809 populi'

186 817 323 886 Romani
334 840 410 884 usos
424 839 503 884 esse.
526 817 639 885 debere
654 841 688 884 se
707 818 859 904 suspicari
877 818 1022 883 simulata
1036 816 1196 884 Caesarem
1238 843 1256 883 a

187 913 332 991 amicitia,
351 911 436 997 quod
453 912 624 977 exercitum
635 913 669 976 in
682 909 787 979 Gallia
802 912 926 991 habeat,
945 913 995 977 sui
1011 906 1197 998 opprimendi

187 1029 283 1073 eausa
299 1005 423 1072 habere.
467 1006 522 1092 qui
538 1006 600 1072 nisi
622 1006 753 1071 decedat
773 1015 867 1090 atque
885 1007 1054 1072 exercitum
1071 1006 1197 1072 deducet
1231 1030 1256 1070 a·

187 1122 228 1166 ex
249 1100 298 1167 his
320 1099 513 1188 regionibus,
542 1122 611 1167 sese
632 1099 721 1165 illum
741 1123 803 1165 non
820 1122 877 1186 pro
899 1101 1013 1179 amieo,
1041 1101 1098 1165 sed
1114 1100 1198 1165 hoste
1236 1104 1241 1114 '

186 1193 374 1262 habiturum
417 1195 549 1279 quodsi
570 1215 642 1259 eum
658 1194 860 1273 interfecerit,
883 1194 989 1260 multis
1007 1215 1077 1260 sese
1095 1193 1199 1260 nobili·
1242 1216 1256 1256 e

186 1287 246 1355 bus
263 1289 517 1376 principibusque
534 1287 643 1375 populi
658 1288 795 1354 Romani
810 1297 935 1376 gratum
952 1309 1023 1354 esse
1035 1288 1200 1353 facturum:
1250 1310 1256 1319 ·

186 1383 220 1447 id
237 1405 271 1448 se
289 1382 328 1449 ab
346 1383 423 1468 ipsis
439 1404 496 1468 per
514 1389 620 1447 eorum
637 1382 761 1448 nuntios
780 1391 973 1468 compertum
985 1381 1110 1460 habere,
1127 1402 1203 1465 quo·

185 1499 257 1542 rum
273 1476 413 1541 omnium
425 1475 558 1562 gratiam
571 1484 664 1558 atque
679 1476 847 1541 amicitiam
861 1477 928 1541 eius
942 1486 1041 1541 morte
1055 1475 1204 1540 redimere
1250 1522 1256 1533 .

186 1579 303 1656 posset.
338 1569 424 1654 quod
442 1570 469 1633 si
486 1569 673 1634 decessisset
690 1579 721 1634 et
737 1569 868 1634 liberam
884 1569 1116 1656 possessionem
1130 1565 1207 1635 Gal-

186 1663 246 1728 liae
264 1662 324 1728 sibi
342 1663 528 1741 tradidisset,
547 1685 662 1749 magno
681 1685 715 1728 se
732 1663 821 1728 illum
837 1664 976 1749 praemio
993 1658 1207 1728 remuneratu-
1248 1681 1256 1743 t

186 1779 256 1823 rum
274 1766 305 1822 et
322 1777 536 1840 quaecumque
553 1755 636 1822 bella
652 1757 719 1844 geri
736 1757 838 1835 vellet,
858 1757 924 1823 sine
942 1756 1005 1821 ullo
1019 1756 1086 1821 eius
1099 1754 1207 1822 labore

135 1870 169 1919 45
187 1859 218 1916 et
233 1851 372 1937 periculo
394 1850 615 1916 confecturum.
659 1851 757 1917 multa
778 1851 817 1917 ab
837 1849 973 1917 Caesare
993 1850 1027 1914 in
1049 1871 1119 1915 eam
1137 1872 1209 1916 sen·

186 1945 315 2010 tentiam
333 1945 514 2023 dictasunt,
532 1967 628 2029 quare
645 1946 770 2030 negotio
788 1944 938 2010 desistere
955 1966 1018 2008 non
1034 1953 1159 2029 posset,
1178 1952 1209 2010 et

185 2060 287 2124 neque
314 2060 404 2105 suam
429 2060 531 2123 neque
556 2038 664 2125 populi
684 2037 821 2103 Romani
847 2037 1104 2104 consuetudinem
1129 2038 1208 2122 pati,

186 2135 233 2198 uti
255 2135 371 2220 optime
394 2143 548 2199 merentes
567 2133 669 2198 socios
696 2133 864 2210 desereret,
890 2153 993 2215 neque
1015 2153 1050 2196 se
1069 2131 1211 2198 iudicare

187 2225 324 2295 Galliam
340 2229 445 2315 potius
463 2250 534 2294 esse
551 2226 705 2293 Ariovisti
723 2250 817 2311 quam
833 2227 941 2314 populi
953 2227 1098 2293 Romani
1125 2227 1211 2294 bello

187 2331 349 2408 superatos
368 2344 438 2387 esse
450 2320 611 2386 Arvernos
630 2331 661 2385 et
672 2320 814 2386 Rutenos
832 2320 872 2386 ab
886 2319 926 2404 Q.
939 2320 1040 2386 Fabio
1052 2320 1211 2402 Maximo,

186 2414 300 2499 quibus
317 2414 452 2500 populus
470 2413 631 2479 Romanus
649 2413 822 2499 ignovisset
843 2435 944 2498 neque
961 2414 994 2479 in
1014 2415 1212 2500 provinciam

186 2509 359 2596 redegisset
380 2529 483 2592 neque
505 2507 695 2593 stipendium
715 2508 925 2594 imposuisset
972 2508 1058 2592 quod
1080 2509 1108 2573 si
1128 2510 1213 2575 anti-

185 2604 372 2688 quissimum
389 2604 535 2689 quodque
552 2611 676 2689 tempus
695 2603 828 2688 spectari
840 2611 1004 2689 oporteret,
1022 2602 1131 2689 populi
1144 2603 1212 2670 Ro-

185 2697 271 2760 mani
295 2697 501 2763 iustissimum
527 2719 597 2762 esse
618 2697 652 2762 iu
674 2693 778 2763 Gallia
798 2696 976 2781 imperium3
1004 2696 1032 2760 si
1056 2696 1211 2763 iudicium

188 2798 314 2855 senatus
333 2790 492 2856 observari
509 2800 673 2877 oporteret,
691 2791 821 2856 liberam
839 2790 952 2855 debere
970 2812 1040 2856 esse
1059 2787 1210 2871 Galliam,

136 2906 169 2955 46
187 2906 283 2968 quam
299 2884 382 2950 bello
398 2886 514 2951 victam
532 2886 597 2951 suis
619 2883 742 2971 legibus
764 2886 810 2949 uti
830 2883 991 2950 voluisset.
1035 2884 1111 2949 dum
1128 2884 1211 2951 haec

186 2978 219 3042 in
233 2977 387 3062 colloquio
399 2989 558 3065 geruntur,
578 2977 707 3045 Caesari
719 2979 895 3044 nuntiatum
908 2988 964 3056 est,
983 2977 1103 3063 equites
1112 2975 1211 3045 Ario-

186 3074 259 3138 visti
277 3073 405 3159 propius
423 3074 578 3138 tumulum
596 3074 743 3140 accedere
765 3074 854 3140 etad
874 3081 997 3138 nostros
1015 3071 1208 3155 adequitare,

185 3166 306 3253 lapides
336 3168 459 3252 telaque
489 3168 523 3232 in
552 3177 676 3235 nostros
707 3169 856 3234 conicere.
910 3165 1029 3233 Caesar
1057 3165 1209 3249 loquendi

186 3260 281 3327 finem
302 3261 377 3327 facit
404 3282 498 3346 seque
520 3262 561 3327 ad
582 3284 656 3328 suos
676 3263 793 3348 recepit
814 3262 941 3346 suisque
962 3259 1140 3345 imperavit,
1169 3281 1210 3326 ne

186 3356 272 3440 quod
297 3357 423 3422 omnino
449 3354 545 3421 telum
569 3356 603 3421 in
627 3356 734 3422 hostes
755 3356 914 3421 reicerent
957 3377 1030 3419 nam
1053 3353 1113 3419 etsi
1140 3353 1210 3420 sine

186 3449 251 3514 ullo
285 3449 423 3533 periculo
452 3450 585 3536 legionis
616 3449 753 3514 delectae
785 3470 856 3513 cum
886 3449 1024 3532 equitatu
1053 3447 1209 3533 proelium

186 3542 254 3608 fore
271 3542 412 3620 videbat,
440 3552 544 3608 tamen
562 3543 816 3609 committendum
833 3564 898 3608 non
914 3540 1057 3627 putabat,
1084 3551 1120 3604 ut
1137 3541 1208 3627 pul-

188 3638 231 3703 sis
263 3637 407 3705 hostibus
438 3637 500 3704 dici
530 3648 638 3724 posset
668 3658 722 3703 eos
753 3636 792 3702 ab
820 3659 854 3702 se
879 3657 936 3721 per
965 3634 1059 3699 fidem
1084 3635 1119 3698 in
1144 3634 1208 3700 col·

186 3732 293 3816 loquio
310 3733 548 3799 circumventos.
591 3740 795 3817 posteaquam
811 3730 845 3794 in
861 3728 974 3814 volgus
991 3728 1126 3792 militum
1144 3727 1207 3793 elas

187 3835 255 3891 tum
267 3837 324 3904 est,
343 3848 406 3911 qua
419 3826 595 3912 arrogantia
611 3827 645 3889 in
662 3824 815 3908 colloquio
828 3821 1008 3888 Ariovistus
1026 3844 1103 3887 usus
1121 3821 1209 3887 omni
1230 3900 1233 3905 Ι

181 3918 286 3986 Gallia
302 3920 458 3990 Romanis
476 3919 702 3999 interdixisset,
717 3917 930 4012 impetumque
946 3918 979 3985 iu
996 3926 1119 3984 nostros
1139 3916 1208 3984 eiua
