2414 4336
360 231 479 291 OOMM.
495 233 520 289 1.
539 231 627 292 2-6.
983 218 1005 286 3

10 384 54 426 rm
72 363 227 436 coemere,
251 364 405 422 sementes
427 378 522 441 quam
539 356 692 423 maximas
713 355 831 436 facere,
853 367 889 422 ut
905 355 938 421 in
954 355 1003 440 iti,

10 478 59 521 ere
78 453 168 540 copia
184 450 331 517 frumenti
349 461 540 538 suppeteret,
564 472 636 517 oum
657 451 807 538 proximis
826 449 1003 517 civitatibus

10 572 98 616 acern
116 557 147 613 et
162 546 331 613 amicitiam
352 547 544 613 confirmare.
584 547 626 613 ad
647 569 700 613 eas
722 569 772 613 res
795 545 1003 612 conficiendas

9 643 146 709 iennium
164 641 224 707 sibi
242 643 317 708 satis
336 663 405 709 esse
423 641 592 707 duxerunt:
610 642 782 708 intertium
800 663 914 707 annum
932 662 1005 728 pro·

10 739 153 803 actionem
169 735 241 823 lege
259 736 451 802 confirmant,
481 736 523 801 ad
541 757 594 802 eas
611 758 662 802 res
680 735 886 802 conficiendas
902 731 1006 823 Orge-

10 834 67 898 trix
89 831 245 918 deligitur.
288 832 316 897 is
339 830 399 897 sibi
419 830 608 918 legationem
630 831 672 897 ad
693 832 834 897 civitates
859 831 1004 918 suscepit.

10 955 15 992 ι
43 949 82 992 eo
112 926 221 992 itinere
250 926 418 1013 persuadet
445 925 585 1006 Castico,
614 925 896 994 Catamantaloedis
929 925 1003 1004 filio,

11 1043 151 1106 equano,
174 1021 263 1086 ouius
280 1029 370 1107 pater
385 1042 518 1108 regnum
539 1021 574 1087 in
591 1018 747 1105 Sequanis
769 1022 880 1089 multos
906 1043 1004 1087 annos

10 1116 162 1182 blinuerat
184 1123 215 1180 et
236 1138 256 1180 a
278 1124 388 1181 senatu
408 1115 517 1202 populi
532 1116 669 1182 Romani
690 1116 809 1182 amicus
832 1115 1005 1202 appellatus

10 1221 60 1288 at,
75 1220 110 1275 ut
126 1232 261 1297 regnum
273 1209 307 1274 in
320 1209 445 1275 civitate
463 1233 521 1276 sua
538 1220 713 1297 oocuparet,
727 1211 811 1295 quod
828 1227 917 1296 pater
933 1220 1005 1277 anta

10 1305 152 1384 abuerat3
170 1306 306 1388 itemque
318 1303 511 1393 Dumnorigi
522 1304 668 1384 Haeduo,
682 1305 770 1370 fratri
778 1304 937 1383 Divitiaci,
951 1304 1007 1389 qui

10 1422 21 1465 >
45 1410 186 1486 tempore
206 1399 414 1486 principatum
435 1399 470 1464 in
487 1400 612 1466 civitate
630 1399 790 1467 obtinebat
811 1421 849 1465 ac
870 1398 1006 1464 maxime

10 1493 71 1560 lebi
93 1504 240 1579 acceptus
263 1504 342 1572 erat,
364 1503 400 1560 ut
421 1495 505 1561 idem
528 1504 705 1575 conaretur,
727 1493 895 1582 persuadet
916 1493 1006 1577 eique

10 1589 83 1654 liam
109 1610 199 1654 suam
224 1588 258 1654 in
282 1589 514 1656 matrimonium
542 1591 606 1656 dat.
649 1588 797 1677 perfacile
823 1587 910 1653 factu
935 1608 1005 1652 esse

10 1682 46 1748 lie
72 1681 186 1768 probat
212 1692 323 1749 conata
347 1683 509 1769 perficere,
536 1692 700 1772 propterea
725 1682 810 1767 quod
835 1682 904 1768 ipse
930 1702 1006 1748 suae

10 1776 121 1842 ivitatis
152 1776 317 1862 imperium
343 1776 526 1844 obtenturus
553 1786 651 1844 esset:
680 1798 745 1842 uon
770 1797 840 1842 esse
867 1773 1005 1852 dubium,

10 1871 64 1935 uin
90 1869 185 1935 totius
209 1867 330 1936 Galliae
356 1871 525 1957 plurimum
546 1869 686 1937 Helvetii
710 1878 853 1956 possent3
882 1890 915 1934 se
941 1868 1006 1934 suis

10 1964 85 2050 opiis
113 1985 233 2048 suoque
259 1965 396 2031 exercitu
422 1966 483 2031 illis
513 1987 610 2053 regna
637 1965 870 2031 conciliaturum
896 1963 1008 2029 confir-

10 2068 62 2124 rat.
96 2058 157 2125 hac
174 2059 312 2125 oratione
329 2061 456 2127 adducti
476 2061 557 2126 inter
575 2081 609 2126 se
626 2059 721 2124 fidem
738 2069 770 2124 et
791 2058 1006 2124 iusiurandum

10 2160 65 2218 ant
81 2163 113 2219 et
131 2176 229 2240 regno
247 2162 399 2239 occupato
420 2176 478 2239 per
498 2163 561 2219 tres
583 2153 815 2239 potentissimos
837 2175 874 2218 ac
895 2152 1008 2217 firmis·

10 2246 86 2313 imos
112 2247 244 2333 populos
272 2247 366 2312 totius
390 2244 513 2313 Galliae
537 2268 607 2312 sese
633 2245 726 2333 potiri
751 2268 845 2332 posse
872 2254 1006 2332 sperant

10 2363 102 2407 ares
132 2350 181 2407 est
205 2339 362 2406 Helvetiis
392 2361 449 2427 per
477 2339 627 2406 indicium
658 2340 824 2406 enuntiata.
867 2337 1041 2405 moribust

10 2436 55 2501 uis
79 2432 300 2524 Orgetorigem
327 2457 367 2502 ex
388 2436 520 2529 vinculis
547 2457 675 2502 oausam
696 2435 799 2502 dicere
826 2439 1008 2522 coegerunu

10 2539 170 2596 amnatum
195 2553 329 2618 poenam
352 2531 442 2616 sequi
468 2529 644 2618 oportebat,
666 2540 702 2597 ut
723 2531 790 2618 igni
811 2539 1007 2597 cremaretur.

10 2624 39 2690 ie
57 2625 223 2691 constituta
241 2648 353 2692 causae
371 2625 515 2692 dictionis
531 2622 702 2713 Orgetorix
719 2626 760 2691 ad
776 2625 924 2691 iudicium
943 2647 1009 2689 om·

11 2739 60 2784 cm
77 2741 168 2785 suam
189 2719 353 2798 familiam,
376 2720 418 2785 ad
438 2719 601 2785 hominum
622 2719 708 2784 milia
725 2719 847 2798 decem,
870 2719 1008 2803 undique

10 2812 92 2900 aegit
121 2824 153 2879 et
187 2835 295 2879 omnes
330 2814 458 2880 clientes
494 2814 720 2898 obaeratosque
755 2836 844 2893 suos,
876 2836 1009 2900 quorum

10 2929 139 2994 ragnum
164 2930 328 2974 numerum
353 2906 503 2986 habebat,
531 2908 642 2974 eodem
668 2908 831 2975 conduxit:
861 2929 918 2994 per
943 2929 1007 2986 eos,

10 3023 29 3067 ,e
46 3023 174 3068 oausam
195 3003 324 3082 diceret,
348 3025 382 3070 se
405 3003 526 3090 eripuit.
571 3025 643 3069 cum
665 3002 775 3070 civitas
793 3003 834 3070 ob
852 3025 922 3069 eam
942 3025 1009 3068 rem

10 3095 116 3162 scitata
136 3097 231 3162 armis
253 3098 303 3163 ius
326 3118 418 3163 suum
436 3098 566 3182 exsequi
583 3108 747 3165 conaretur
763 3097 1009 3163 multitudinem-

10 3212 51 3273 ,ue
71 3190 234 3256 hominum
256 3213 296 3256 ex
317 3191 401 3278 agris
423 3191 625 3278 magistratus
653 3202 812 3279 cogerent,
837 3188 1010 3277 Orgetorix

10 3295 130 3351 rortuus
149 3294 210 3364 est3
237 3307 339 3370 neque
361 3285 451 3351 abest
473 3285 626 3370 suspicio,
649 3295 683 3352 ut
699 3285 841 3352 Helvetii
859 3284 1007 3350 arbitran-

10 3401 48 3458 ur,
66 3379 145 3464 quin
160 3379 229 3465 ipse
247 3379 308 3445 sibi
324 3389 457 3445 mortem
474 3379 668 3445 consciverit

46 3472 128 3539 Post
145 3473 213 3539 eius
231 3483 362 3540 mortem
379 3472 476 3538 nihilo
494 3472 597 3538 minus
614 3472 756 3540 Helvetii
773 3471 815 3551 id,
834 3472 919 3556 quod
936 3491 1043 3539 oon-o

10 3566 168 3647 tituerant,
191 3567 295 3634 facere
313 3578 473 3646 conantur,
492 3575 528 3633 ut
545 3589 563 3633 e
580 3567 695 3633 finibus
714 3567 779 3632 suis
798 3578 919 3634 exeant.
955 3567 1011 3634 ubi

10 3685 51 3729 un
72 3685 108 3730 se
131 3663 172 3730 ad
192 3685 262 3729 eam
283 3685 351 3729 rem
371 3672 497 3748 paratos
524 3684 595 3728 esse
617 3661 756 3727 arbitrati
782 3673 867 3742 sunt,
895 3663 1011 3749 oppida

10 3779 47 3826 ua
66 3759 187 3837 omnia,
210 3781 339 3824 numero
362 3759 402 3823 ad
425 3757 605 3836 duodecim,
632 3757 718 3823 viem
740 3759 781 3824 ad
802 3759 1011 3844 quadringen-

10 3872 47 3930 os,
63 3852 186 3937 reliqua
202 3852 324 3939 privata
340 3851 483 3918 aedificia
497 3851 677 3931 incendunt,
699 3851 890 3917 frumentum
907 3872 1008 3930 omne,

11 3957 203 4033 raeterquam
237 3946 322 4031 quod
356 3968 463 4013 secum
496 3945 649 4034 portaturi
681 3955 788 4026 erant,
816 3943 1025 4018 comburunt,

10 4050 23 4107 t
51 4041 177 4108 domum
206 4041 369 4111 reditionis
401 4065 460 4132 spe
488 4041 619 4114 sublata
648 4038 908 4192 paraboreaqu
936 4032 1064 4111 effi.
