2414 4336
384 248 502 306 sonu.
520 249 545 306 1.
562 249 661 306 a-ro.
1013 233 1035 305 5

65 404 71 442 ι
101 398 161 463 per
188 373 380 463 provrnciam
413 372 533 439 itineris
564 373 704 441 faciundi
738 382 963 461 temperaturos
992 373 1034 443 ab

65 472 124 535 uia
140 480 171 535 et
187 468 340 534 maleficio
358 467 566 534 existimabat
601 478 716 547 tamen,
734 476 770 533 ut
788 468 924 554 spatium
940 470 1036 537 inter·

65 587 122 630 ere
142 574 263 650 posset,
286 563 363 628 dum
384 563 513 642 milites,
541 584 619 647 quos
645 564 867 649 imperaverat,
888 564 1035 630 conveni·

65 671 93 738 t,
110 659 220 746 legatis
238 657 400 743 respondit
417 657 501 723 diem
520 680 554 724 se
572 659 613 723 ad
633 657 869 724 deliberandum
891 667 1035 744 sumptu-

65 778 94 819 u:
126 754 153 818 si
180 753 257 838 quid
283 751 412 830 vellent,
439 752 481 817 ad
506 752 585 818 Idus
606 751 686 838 Apr.
708 761 944 819 reverterentur.
987 752 1067 818 in-s

65 871 94 914 sa
125 870 162 913 ea
192 845 331 935 legione,
362 868 459 931 quam
492 868 600 912 secum
629 846 779 926 habebat,
809 847 1033 933 militibusque,

86 965 126 1007 ex
148 941 312 1030 provincia
333 951 557 1020 convenerant,
584 965 605 1009 a
624 941 696 1008 lacu
716 943 892 1021 Lemann0,
918 943 973 1026 qui
1001 943 1034 1006 in

65 1060 127 1102 nen
149 1037 340 1103 Rhodanum
361 1035 476 1115 influit,
503 1036 544 1102 ad
569 1046 708 1102 montem
729 1037 850 1114 Iuram,
877 1036 932 1121 qui
953 1037 1033 1101 fines

65 1152 232 1216 quanorum
254 1130 294 1196 ab
316 1130 473 1196 Helvetiis
496 1129 621 1208 dividit,
644 1129 731 1194 milia
750 1151 903 1214 passuum
925 1129 1034 1196 decem

65 1250 125 1292 rem
142 1249 267 1292 murum
283 1226 317 1290 in
339 1225 534 1291 altitudinem
555 1226 672 1312 pedum
695 1224 831 1290 sedecim
853 1225 1034 1309 fossamque

65 1322 161 1386 ducit.
206 1342 243 1387 eo
265 1342 357 1407 opere
383 1320 523 1406 perfecto
548 1319 705 1406 praesidia
729 1318 880 1405 disponit,
907 1319 1035 1385 castella

65 1415 195 1494 emunit,
219 1418 281 1500 quo
303 1415 441 1494 facilius,
465 1415 492 1482 si
514 1437 549 1481 se
569 1415 669 1480 invito
686 1415 818 1480 transire
840 1423 1033 1492 conarentur,

66 1510 174 1576 hibere
199 1510 309 1596 possit.
357 1509 412 1575 ubi
439 1532 477 1575 ea
500 1509 585 1598 dies,
612 1531 707 1594 quam
733 1508 937 1575 constituerat
962 1530 1034 1573 cum

65 1606 132 1684 atis,
148 1605 240 1682 venit,
255 1614 287 1669 et
303 1603 400 1690 legati
412 1605 454 1669 ad
467 1626 539 1669 eum
555 1613 759 1682 reverterunt,
776 1617 881 1690 negat,
900 1625 935 1668 se
948 1624 1035 1668 more

65 1698 204 1785 exemplo
221 1698 330 1784 populi
347 1698 482 1764 Romani
499 1719 594 1784 posse
611 1699 671 1764 iter
687 1698 743 1763 ulli
764 1690 821 1784 per
841 1696 1035 1784 provinciam

66 1816 83 1858 e
110 1803 154 1869 et,
178 1792 206 1857 si
227 1792 292 1856 vim
314 1791 417 1858 facere
444 1800 610 1871 conentur,
637 1790 866 1879 prohibiturum
887 1791 1033 1857 ostendit.

65 1887 150 1951 lvetii
187 1907 225 1951 ea
242 1908 298 1973 spe
316 1887 428 1952 deiecti
453 1887 587 1953 navibus
608 1887 722 1953 iunctis
744 1886 927 1971 ratibusque
949 1908 1034 1953 oom-

65 1981 153 2046 ribus
172 1981 279 2058 factis,
301 1981 353 2045 alii
375 1981 465 2046 vadis
483 1980 646 2060 Rhodani,
669 2003 732 2066 qua
752 1982 881 2047 minima
902 1980 1033 2048 altitudo

65 2074 147 2138 uinis
175 2084 254 2153 erat,
280 2097 515 2160 nonnumquam
541 2077 689 2155 interdiu,
718 2076 843 2162 saepius
868 2091 978 2154 noctu,
1006 2077 1034 2141 si

65 2190 210 2253 rumpere
241 2179 383 2254 possent,
420 2171 523 2235 conati
553 2172 655 2256 operis
690 2171 862 2236 munitione
892 2180 924 2236 et
953 2170 1035 2235 mili-

65 2288 77 2327 ]
108 2285 262 2328 concursu
293 2274 324 2328 et
353 2264 423 2329 telis
454 2264 572 2350 repulsi
605 2264 665 2330 hoc
697 2277 810 2330 conatu
840 2265 1034 2330 destiterunt.

65 2357 242 2441 nquebatur
266 2380 330 2422 una
354 2379 412 2444 per
435 2357 599 2444 Sequanos
620 2360 686 2438 via,
713 2381 776 2443 qua
804 2357 960 2443 Sequanis
986 2359 1067 2426 ime

67 2477 82 2516 s
108 2464 234 2538 propter
260 2454 422 2539 angustias
448 2453 493 2518 ire
519 2477 584 2520 non
608 2463 761 2540 poterant.
805 2453 950 2520 hiscum
976 2477 1035 2520 sua

65 2560 122 2611 nte
144 2548 332 2632 persuadere
354 2572 418 2614 non
438 2559 582 2634 possent,
594 2549 727 2635 legatos
745 2549 786 2614 ad
802 2548 1034 2636 Dumnorigem

64 2641 181 2705 eduum
198 2641 333 2719 mittunt,
351 2653 386 2707 ut
404 2665 442 2709 eo
459 2643 659 2729 deprecatore
678 2666 698 2708 a
712 2640 868 2726 Sequanis
886 2643 1033 2729 impetra·

65 2749 86 2799 t
112 2733 292 2800 Dumnorix
309 2738 410 2823 gratia
427 2747 458 2802 et
474 2737 638 2824 largitione
655 2738 740 2823 apud
755 2735 920 2822 Sequanos
937 2737 1034 2823 pluri-

65 2853 95 2892 m
113 2839 235 2914 poternt
248 2840 279 2894 et
288 2829 445 2895 Helvetiis
463 2839 529 2896 erat
546 2832 676 2909 amicus,
695 2831 781 2915 quod
795 2853 835 2896 ex
853 2853 891 2897 ea
908 2831 1033 2898 civitate

65 2922 210 3009 getorigis
233 2922 329 2989 filiam
347 2925 380 2989 in
398 2926 631 2991 matrimonium
648 2925 795 3004 duxerat,
814 2934 846 2991 et
863 2926 1033 3012 cupiditate

65 3017 98 3080 ni
125 3018 279 3083 adductus
305 3017 395 3085 novis
421 3019 516 3086 rebus
544 3019 690 3086 studebat
713 3030 744 3085 et
766 3020 1032 3105 quamplurimas
1135 3093 1137 3099 ¹

65 3113 149 3176 itates
173 3134 231 3177 suo
252 3110 404 3178 beneficio
420 3112 542 3179 habere
565 3112 730 3180 obstrictas
748 3114 884 3180 volebat.
928 3115 1033 3199 itaque

65 3229 75 3270 ι
98 3206 230 3292 suscipit
252 3217 283 3272 et
304 3230 324 3271 a
347 3205 502 3292 Sequanis
523 3208 684 3294 impetrat,
710 3219 747 3274 ut
771 3231 828 3296 per
853 3208 932 3274 fines
959 3229 1034 3274 suos

65 3300 174 3365 lvetios
196 3301 241 3365 ire
266 3302 437 3387 patiantur,
465 3302 654 3388 obsidesque
675 3304 722 3369 uti
748 3304 829 3368 inter
854 3324 924 3369 sese
950 3303 1033 3381 dent,

65 3394 142 3458 ficit:
171 3392 324 3478 Sequani,
346 3418 387 3461 ne
412 3397 521 3463 itinere
542 3396 708 3464 Helvetios
734 3395 933 3482 prohibeant,
955 3396 1035 3462 Hel·

65 3489 96 3566 ii,
119 3497 155 3553 ut
177 3489 244 3553 sine
266 3489 417 3556 maleficio
440 3500 471 3556 et
491 3491 605 3556 iniuria
626 3500 793 3556 transeant
835 3489 965 3557 Caesari
985 3510 1085 3558 re-1o

65 3582 182 3659 rtiatur,
201 3582 357 3649 Helvetiis
380 3606 451 3651 esse
473 3585 506 3650 in
528 3586 647 3662 animo,
665 3604 722 3669 per
741 3607 853 3671 agrum
872 3582 1036 3670 Sequano·

65 3685 132 3741 ret
152 3675 360 3742 Haeduorum
386 3679 445 3744 iter
469 3679 503 3744 in
530 3676 707 3745 Santonum
731 3677 810 3744 fines
836 3679 954 3756 facere,
981 3678 1035 3762 qui

65 3798 70 3835 ι
100 3769 196 3856 longe
226 3794 246 3835 a
271 3770 467 3838 Tolosatium
501 3772 616 3838 finibus
648 3770 776 3849 absunt,
813 3794 893 3857 quae
924 3770 1034 3838 civitas

79 3866 114 3930 in
140 3865 310 3950 provincia.
355 3866 389 3931 id
411 3868 440 3932 si
461 3867 563 3946 fieret,
590 3866 792 3954 intellegebat
817 3888 934 3954 magno
960 3887 1032 3931 cum

65 3960 146 4027 iculo
163 3960 342 4046 provinciae
359 3961 511 4041 futurum,
524 3973 561 4027 ut
575 3961 723 4030 homiues
736 3959 1053 4042 helheosos,poqxhx

65 4057 141 4123 neni
155 4055 317 4139 inimicos,
339 4056 421 4129 locis
442 4059 636 4152 patentibus
654 4059 873 4145 mazimeque
888 4053 1081 4119 mense
