2414 4336
151 260 195 329 52
466 273 520 330 ua
538 271 665 329 annno
685 270 854 330 cnnmoo

153 398 334 467 sistentibus
351 398 460 465 vineas
478 408 640 483 turresque
657 398 732 485 egit
761 397 807 462 illi
824 396 902 462 alias
921 396 1042 484 eruptio

151 505 251 584 ptata,
278 495 354 560 alias
377 493 529 560 cuniculis
551 494 592 558 ad
613 515 762 581 aggerem
780 493 954 576 vineasque
973 492 1042 557 actii

150 591 196 657 rei
214 598 287 656 sunt
303 589 397 676 longe
414 586 594 676 peritissimi
606 585 769 672 Aquitani,
787 595 957 674 propterea
974 608 1042 672 quo

150 683 228 752 locis
246 684 331 772 apud
348 705 403 748 eos
425 682 563 748 aerariae
585 679 811 766 secturaeque*
836 691 924 761 sunt,
949 680 1042 747 ubid

151 789 329 846 nostrorum
345 776 423 842 nihil
439 776 490 842 his
506 775 601 843 rebus
614 776 724 864 profici
736 798 831 863 posse
844 777 1042 841 intellexerm

152 882 201 942 tos
219 873 261 939 ad
279 871 431 940 Crassum
452 871 578 936 mittunt
600 892 697 956 seque
717 871 752 934 in
773 871 967 960 deditionem
990 880 1027 936 ut

102 987 135 1038 22
152 976 271 1056 petunt,
297 987 361 1051 qua
377 988 411 1031 re
428 965 593 1051 impetrata
606 988 693 1031 arma
707 965 828 1031 tradere
841 965 922 1030 iussi
935 964 1042 1030 faoiun

151 1063 186 1131 in
202 1085 240 1130 ea
256 1084 290 1128 re
313 1063 453 1127 omnium
474 1070 653 1128 nostrorum
674 1061 801 1126 intentis
823 1061 937 1126 animis
956 1061 1021 1127 alia
1037 1087 1042 1124 v

153 1157 260 1244 oppidi
281 1155 499 1237 Adiatunnus,
527 1157 581 1241 qui
608 1178 764 1221 summam
790 1155 913 1241 imperii
940 1154 1042 1221 tenebt

153 1251 308 1318 sexcentis
335 1250 471 1330 devotis,
497 1273 577 1336 quos
600 1249 645 1315 illi
668 1249 822 1316 soldurios
844 1248 1022 1336 appellant,

152 1345 231 1414 baec
247 1355 296 1411 est
313 1345 463 1424 condicio,
482 1346 529 1411 uti
545 1343 690 1412 omnibus
707 1345 742 1408 in
758 1345 823 1410 vita
840 1344 1017 1409 commodis
1034 1367 1042 1408 ι

151 1440 201 1509 his
219 1441 375 1519 fruantur,
401 1461 535 1525 quorum
554 1462 588 1507 se
606 1441 760 1506 amicitiae
783 1439 973 1519 dediderint,
1002 1439 1029 1505 si

151 1537 290 1624 pervim
312 1535 447 1614 accidat,
476 1544 529 1600 aut
550 1535 685 1601 eundem
707 1557 817 1600 casum
838 1556 903 1599 uua
924 1533 1029 1599 ferant

152 1639 285 1696 mortem
301 1630 511 1708 consciscant3
539 1651 639 1714 neque
657 1629 761 1695 adbuc
778 1629 943 1694 hominum
962 1651 1042 1694 mem

152 1734 259 1813 pertus
278 1734 326 1789 est
342 1725 522 1809 quisquam,
542 1725 596 1808 qui
614 1746 651 1790 eo
668 1723 845 1801 interfecto,
864 1722 956 1789 cuius
976 1745 1011 1790 se
1027 1747 1042 1789 a

152 1819 346 1896 devovisset,
372 1827 504 1884 mortem
525 1827 698 1884 recusaretz
725 1839 798 1883 cum
819 1817 869 1882 his
887 1816 1042 1883 Adiatum

152 1913 291 2001 ptionem
316 1911 420 1977 facere
446 1921 575 1979 conatus
602 1912 737 1978 clamore
759 1910 799 1977 ab
821 1933 859 1976 ea
880 1921 973 1998 parte
999 1935 1042 1977 mr

153 2005 292 2085 sublato,
318 2027 390 2072 eum
413 2007 454 2072 ad
475 2030 562 2073 arma
584 2007 698 2072 milites
718 2005 951 2072 concurrissent
969 2007 1042 2073 vehe

152 2124 214 2188 que
232 2100 277 2168 ibi
292 2110 468 2189 pugnatum
486 2112 582 2181 esset,
600 2102 745 2190 repulsus
763 2103 796 2166 in
814 2100 984 2189 oppidum,
1003 2111 1042 2168 tar

152 2198 263 2262 eadem
288 2196 454 2264 deditionis
480 2197 662 2263 condicione
688 2206 839 2274 uteretur,
867 2195 907 2262 ab
938 2196 1042 2264 Crass

101 2309 135 2360 28
152 2291 256 2358 travit
292 2291 394 2383 armis
412 2290 638 2377 obsidibusque
656 2291 792 2378 acceptis
811 2289 952 2357 Crassus
970 2292 1006 2357 in
1022 2293 1042 2358 fi

152 2387 270 2453 catium
295 2394 327 2452 et
348 2385 551 2452 Tarusatium
576 2386 736 2473 profectus
763 2395 820 2451 est
864 2393 935 2451 tum
957 2409 1035 2453 vero

153 2482 313 2559 commoti,
337 2480 422 2564 quod
439 2481 590 2568 oppidum
608 2491 639 2546 et
655 2490 767 2546 natura
783 2479 845 2545 loci
863 2489 894 2544 et
911 2503 1014 2546 manu
1030 2505 1042 2546 1

152 2574 262 2661 paucis
280 2573 401 2652 diebus,
420 2574 534 2660 quibus
549 2597 586 2642 eo
599 2585 727 2641 ventum
740 2584 815 2653 erat,
834 2585 1042 2662 expugnatur

153 2678 271 2748 verant,
289 2669 671 2757 legatosquoqueversum
680 2671 842 2748 dimittere,
862 2670 1038 2752 coniurare,

152 2766 395 2846 intersecare,
422 2767 528 2856 copias
549 2789 660 2853 parare
677 2773 856 2853 coeperunt.
900 2767 1042 2833 mittuntr

153 2859 274 2925 adeas
301 2860 441 2926 civitates
467 2861 577 2949 legati,
610 2883 690 2947 quae
717 2869 790 2927 sunt
815 2861 969 2928 citerioris
996 2861 1041 2928 Hi

153 2954 303 3020 finitimae
324 2954 529 3041 Aquitaniae:
555 2957 628 3022 inde
650 2955 766 3022 auxilia
787 2954 949 3040 ducesque
973 2976 1042 3023 arce

154 3070 286 3134 quorum
312 3050 449 3116 adventu
476 3074 592 3138 magna
614 3073 685 3117 cum
707 3048 890 3116 auctoritate
913 3058 946 3116 et
972 3073 1042 3138 mag

153 3143 315 3210 hominum
332 3145 530 3211 multitudine
548 3145 665 3212 bellum
682 3167 791 3233 gerere
805 3155 969 3212 conantur.
998 3147 1042 3212 du

152 3240 175 3304 ii
193 3240 384 3328 deliguntur,
403 3242 458 3326 qui
474 3264 537 3307 una
556 3263 628 3307 cum
646 3240 687 3325 Q.
708 3239 847 3307 Sertorio
864 3260 981 3308 omnes
999 3264 1042 3309 am

152 3345 222 3400 rant
240 3358 456 3421 summamque
475 3337 637 3402 scientiam
657 3337 704 3403 rei
721 3336 862 3402 militaris
886 3333 1007 3403 habere
1023 3359 1042 3403 e

153 3427 275 3494 bantur.
302 3429 336 3495 hi
348 3432 573 3497 consuetudine
586 3431 695 3519 populi
703 3429 839 3496 Romani
851 3428 924 3496 loca
937 3451 1042 3520 capere

154 3524 284 3601 munire,
303 3524 527 3590 commeatibus
537 3536 659 3592 nostros
673 3523 880 3591 intercludere
893 3524 1042 3592 instituun

154 3617 209 3683 ubi
224 3616 358 3683 Crassus
377 3620 603 3699 animadvertit,
623 3645 695 3687 suas
714 3620 821 3708 copias
834 3628 968 3706 propter
981 3621 1042 3709 exig

154 3735 217 3778 non
238 3711 330 3777 facile
353 3713 471 3792 diduci,
498 3715 621 3781 hostem
643 3726 674 3780 et
695 3715 805 3804 vagari
832 3723 863 3779 et
888 3714 962 3782 vias
988 3714 1042 3785 obs

154 3809 263 3873 castris
287 3808 362 3874 satis
384 3810 532 3895 praesidii
552 3808 739 3894 relinquere,
767 3808 807 3875 ob
831 3831 904 3875 eam
926 3830 1042 3878 causan

151 3901 316 3968 commode
338 3902 530 3970 frumentum
551 3913 822 3987 commeatumque
844 3902 907 3969 sibi
931 3927 1042 3994 supper

142 3995 214 4064 dies
239 3997 387 4067 hostium
413 4023 586 4067 numerum
610 3999 737 4088 augeri,
758 4020 826 4064 non
843 4000 1042 4073 cunctandum

129 4094 249 4178 mavit,
271 4098 357 4189 quin
374 4122 494 4191 pugna
512 4098 705 4166 decertaret.
724 4094 793 4162 bac
805 4114 846 4159 re
859 4092 907 4159 ab
914 4096 1042 4164 nnuma
