2414 4336
163 245 210 316 94
488 261 541 320 ΒΕ
552 262 683 320 ’ΒΕΙιΙιΟ
702 261 872 322 GALLICO

166 387 397 456 Indutiomarus
413 386 511 454 nihilo
528 387 632 454 minus
646 388 753 477 copias
771 411 895 478 cogere,
915 413 1072 472 exercere,

164 485 248 552 timis
266 506 364 570 equos
381 505 506 570 parare,
529 484 654 550 exsules
672 483 899 571 damnatosque
918 495 987 552 tota
1004 484 1072 554 Gal]

163 579 235 667 gnis
256 577 402 688 praemiis
425 579 467 644 ad
488 600 523 644 sc
544 577 668 644 allicere
690 579 801 667 coepit.
846 601 885 646 ec
906 589 1030 648 tantam
1047 583 1072 648 si

164 673 213 740 his
230 673 352 740 rebus
342 696 376 737 m
392 668 496 738 Gsllie
510 673 727 739 auctoritatem
739 685 988 760 comparaverat,
1006 685 1072 742 utu

163 768 205 836 ad
222 790 294 834 eum
304 767 483 878 legationes
501 777 732 848 concurrerent,
755 770 890 856 gratiam
908 779 1007 856 atque
1024 796 1072 837 am

112 851 289 952 republica
309 863 516 950 privatimque
537 872 687 950 peterent
730 864 786 931 ubi
807 864 962 932 intellexit
984 867 1065 934 ultro

162 959 276 1037 veniri,
302 957 399 1024 altera
419 980 460 1023 ex
481 967 569 1044 parta
592 956 735 1026 Senones
758 957 979 1045 Carnutesque
1003 985 1072 1029 com

163 1052 309 1120 iocinoris
334 1052 490 1139 instigari,
517 1053 615 1120 altera
634 1053 767 1120 Nervios
794 1053 1072 1141 Aduatucosque

162 1147 314 1214 Romanis
332 1169 454 1232 parare,
481 1168 583 1232 neque
601 1147 662 1214 sibi
678 1148 925 1214 voluntariorum
943 1151 1051 1237 copias
1067 1175 1072 1214 ι

163 1244 248 1309 siex
264 1241 379 1309 finibus
398 1244 462 1308 suis
480 1244 627 1329 progredi
648 1243 818 1331 coepisset,
847 1254 1006 1310 armatum
1024 1267 1072 1312 cor

161 1336 279 1403 indicit
322 1337 383 1403 hoc
404 1358 490 1402 more
513 1335 677 1403 Gallorum
698 1347 747 1403 est
768 1337 891 1403 initium
914 1338 1007 1406 belli:
1033 1363 1071 1426 qu

162 1431 319 1499 communi
344 1452 453 1497 omncs
478 1429 613 1518 puberes
644 1432 756 1497 armati
786 1433 954 1500 convenire
983 1457 1072 1501 consu

161 1526 216 1614 qui
231 1548 272 1593 ex
288 1527 327 1592 iis
344 1525 535 1592 novissimus
549 1526 643 1605 venit,
661 1526 696 1591 in
713 1537 884 1613 conspectu
897 1528 1072 1594 multitudin

160 1621 253 1688 nibus
271 1620 459 1688 cruciatibus
477 1621 608 1688 affectus
626 1628 764 1686 necatur.
807 1623 841 1686 in
858 1643 897 1693 ec
917 1625 1049 1690 concilio
1066 1629 1072 1685 t

161 1715 301 1802 torigem,
320 1714 627 1802 alteriuspriucipem
635 1713 790 1793 factionis,
808 1737 961 1802 generum
971 1741 1069 1797 suum,

160 1831 256 1896 supra
272 1809 553 1877 demonstravimus
568 1807 714 1876 Caesaris
732 1820 876 1877 secutum
892 1812 991 1878 fidem
1007 1814 1046 1880 ab
1064 1836 1072 1879 ι

159 1904 352 1983 discessisse,
366 1903 613 1971 hostemiudicat
624 1905 768 1990 bonaque
782 1906 850 1972 eius
858 1906 1009 1992 publicat
1031 1908 1072 1973 bis

159 1998 308 2065 consectis
325 2001 359 2063 in
372 1997 501 2065 concilio
514 2001 694 2087 pronuntiat
710 2001 895 2067 arcessitum
915 2024 950 2067 se
971 2026 991 2067 a
1006 2000 1072 2069 Seni

158 2102 190 2159 et
199 2089 389 2159 Carnutibus
402 2093 533 2178 aliisque
546 2094 758 2182 compluribus
773 2092 896 2161 Galbae
909 2096 1072 2162 civitatibu

156 2187 217 2253 iter
233 2187 390 2254 lecturum
411 2211 468 2275 per
488 2188 566 2254 fines
584 2189 756 2256 Remorum
774 2210 944 2274 eorumque
967 2215 1058 2278 agros

157 2280 292 2348 laturum
310 2305 356 2363 ac,
374 2283 558 2369 priusquam
575 2285 608 2349 id
620 2284 724 2361 sociat,
744 2293 846 2349 castra
863 2283 1002 2350 Labieni
1019 2308 1072 2372 opp

107 2391 139 2444 57
157 2385 271 2444 turum.
306 2400 387 2463 quae
404 2377 472 2443 fieri
489 2379 572 2458 velit,
590 2378 749 2466 praecipit.
785 2377 965 2458 Labienus,
985 2403 1072 2446 cum*

156 2481 267 2538 natura
285 2491 316 2538 et
332 2496 428 2539 manu
445 2473 662 2538 munitissimis
680 2473 790 2538 castris
814 2495 883 2539 sese
907 2484 1040 2554 teneret,
1063 2476 1072 2539 ι’

157 2587 195 2631 ac
215 2567 347 2654 legionis
368 2567 507 2653 periculo
529 2567 606 2632 nihil
627 2566 769 2646 timebat;
796 2589 836 2632 ne
862 2589 959 2652 quam
985 2590 1072 2638 occas

156 2663 203 2728 rei
219 2661 300 2728 bene
317 2662 473 2749 gerendae
490 2662 592 2727 dimitt
579 2670 671 2740 t,eret
690 2660 857 2747 cogitabat.
901 2662 1008 2747 itaque
1027 2663 1072 2730 a<

155 2758 256 2844 torige
269 2766 366 2866 ⁸atque
383 2756 451 2822 eius
468 2755 650 2843 propinquis
668 2756 807 2821 oratioue
824 2755 1032 2865 Indutiomari
1045 2781 1072 2824 c<

155 2872 251 2935 quam
268 2852 301 2915 in
319 2850 448 2915 concilio
466 2849 632 2929 habuerat,
656 2850 845 2915 nuntiosmr
845 2850 955 2917 ttitad
972 2852 1072 2919 linitin

155 2946 233 3010 vitat
234 2966 267 3010 es
286 2944 467 3029 equitesque
484 2945 622 3029 undique
640 2944 839 3012 evocatrthis
862 2956 983 3013 certium
1004 2949 1072 3015 dieu

153 3039 300 3106 veniendi
321 3039 404 3105 dicit.
383 3040 571 3105 tinterim
591 3062 689 3127 prope
707 3040 820 3106 cotidie
842 3063 915 3106 cum
936 3045 1024 3108 omni
1041 3067 1072 3129 eq

153 3134 385 3200 Indutiomarus
408 3133 467 3200 sub
490 3133 599 3200 castris
621 3135 689 3199 eius
712 3135 899 3222 vagabatur,
926 3136 1004 3203 alias
1021 3136 1063 3204 ¹ut

154 3239 327 3296 castrorum
353 3247 569 3316 cognosceret,
600 3229 676 3295 alias
709 3230 905 3316 colloquendi
938 3243 995 3297 aut
1020 3244 1072 3300 ten

154 3345 262 3392 causa:
281 3326 401 3408 equites
418 3324 601 3412 plerumque
619 3347 727 3391 omnes
746 3326 808 3391 tela
820 3326 902 3390 intra
914 3327 1034 3393 vallum
1048 3351 1072 3394 ct

152 3419 237 3485 bant.
281 3419 444 3486 Labienus
468 3442 542 3486 suos
563 3421 644 3485 intro
660 3421 866 3487 munitionem
882 3422 1065 3490 continebat

152 3512 257 3598 risque
275 3515 467 3600 opinionem,
490 3512 738 3599 quibuscumque
756 3524 877 3601 poterat
893 3515 1004 3596 rebus,
1031 3541 1072 3596 au

102 3625 135 3677 ⁶8
153 3630 225 3675 cum
242 3609 360 3674 maiore
377 3609 411 3673 in
427 3609 494 3675 dies
513 3609 742 3695 contemptione
759 3609 994 3676 Indutiomarus
1017 3612 1060 3677 ad

152 3703 326 3781 accederet,
350 3713 441 3768 nocte
460 3726 523 3768 una
543 3704 730 3770 intromissis
749 3703 906 3788 equitibus
924 3706 1067 3773 omnium

151 3822 273 3866 marum
291 3799 466 3876 civitatum,
484 3819 563 3882 quos
581 3797 784 3865 arcessendos
803 3811 979 3880 curaverat,
1002 3810 1072 3868 tant

151 3895 258 3982 gentis
274 3914 383 3959 omnes
402 3913 475 3957 suos
489 3892 638 3958 custodiis
650 3891 732 3957 intra
745 3903 847 3959 castra
861 3894 1023 3974 continuit,
1042 3905 1072 3962 ut

151 3989 269 4056 ratione
291 4010 329 4052 ea
350 4009 400 4052 res
422 3985 575 4050 enuntiari
596 3997 651 4052 aut
671 3988 713 4054 ad
730 3987 885 4054 Treveros
908 3988 1072 4078 perferri}

149 4082 274 4152 iuterim
291 4102 331 4147 ex
349 4079 573 4147 consuetudine
590 4083 745 4148 cotidiana
761 4083 995 4168 Indutiomarus
1014 4085 1058 4151 ad
