2528 4336
152 146 195 214 36
467 161 520 216 ru:
536 159 664 217 sunno
684 159 854 219 cnumco

152 284 224 352 liter
240 285 368 352 declivis
387 283 428 350 ad
444 285 562 350 flumen
579 281 704 365 Sabim,
722 288 806 372 quod
824 308 919 374 supra
936 289 1116 354 nominavin

152 381 310 468 vergebat.
345 377 386 446 ab
404 401 441 446 eo
458 379 587 446 flumine
603 381 672 466 pari
689 381 867 447 adclivitate
884 382 974 449 collis
991 383 1116 448 nascelu

151 477 303 546 adversus
320 475 396 540 huic
413 483 444 540 et
461 475 647 553 cormesius,
673 497 788 561 passus
812 474 933 542 circiter
955 477 1104 544 ducentos

151 570 245 637 fimus
261 580 402 656 apertus,
426 569 466 636 ab
486 570 644 657 superiore
662 580 750 656 parto
768 571 934 650 silvestris,
952 581 988 637 ut
1005 591 1067 638 non
1083 568 1116 633 fa

150 667 304 733 introrsus
324 665 460 752 perspici
481 674 598 751 posset
641 665 723 731 intra
744 687 798 732 eas
821 665 917 732 silvas
939 666 1046 732 hostes
1068 665 1102 728 in

151 761 235 827 culto
258 780 328 826 sese
350 759 565 839 continebant3
590 758 624 824 in
645 768 753 846 aperto
773 760 844 828 loco
866 759 1036 826 secundum
1059 757 1116 822 flur

150 876 271 943 paucae
288 853 438 920 stationes
461 855 601 938 equitum
622 855 816 920 videbantur.
859 853 996 920 fluminis
1019 863 1116 918 erata

101 968 133 1017 19
151 950 229 1016 tudo
254 948 376 1014 circiter
400 948 519 1035 pedum
544 948 647 1014 trium.
693 947 813 1016 Caesar
838 949 975 1034 equitatu
1001 946 1116 1034 praemi

151 1044 402 1131 subsequebatur
418 1043 564 1110 omnibus
581 1045 693 1130 copiis3
713 1045 770 1109 sed
785 1045 865 1110 ratio
883 1043 1021 1128 ordoque
1039 1043 1116 1130 agnu‘

150 1140 240 1205 aliter
256 1160 293 1205 se
307 1136 452 1216 babebat,
472 1159 509 1203 ac
526 1136 646 1224 Belgae
663 1139 703 1203 ad
720 1135 853 1204 Nervios
871 1138 1056 1205 detulerant.
1101 1159 1116 1200 rr

150 1233 236 1318 quod
252 1234 293 1298 ad
310 1233 410 1298 bostis
433 1231 715 1317 adpropinquabat,
738 1233 961 1299 consuetudine
979 1254 1039 1298 sua
1057 1230 1116 1297 Car

151 1350 208 1394 sex
224 1327 363 1415 legiones
382 1327 546 1413 expeditas
563 1325 710 1405 ducebam
738 1337 810 1412 post
831 1349 886 1393 eas
906 1326 1003 1392 totius
1021 1326 1116 1391 exerci

150 1423 372 1508 impedimenta
385 1420 567 1500 collocarat3
584 1421 657 1485 inde
670 1421 750 1486 duae
763 1420 912 1508 legiones,
931 1441 1014 1506 quae
1022 1441 1116 1506 proxi

150 1518 343 1604 conscriptae
365 1526 466 1595 erant,
494 1525 594 1581 totum
616 1538 730 1602 agmen
747 1516 933 1583 claudebant
955 1517 1116 1601 praesidio<

149 1612 380 1698 impedimentis
398 1620 495 1676 erant.
540 1611 660 1695 equites
679 1611 777 1677 nostri
799 1632 872 1675 oum
895 1610 1107 1676 funditoribus

149 1706 344 1794 gittariisque
361 1705 478 1770 flumen
495 1707 683 1791 transgressi
696 1727 769 1770 oum
780 1705 918 1771 hostium
932 1706 1074 1789 equitatu
1086 1728 1116 1790 pr

149 1799 227 1865 lium
253 1799 485 1864 commiserunt.
530 1820 603 1864 oum
629 1821 664 1865 se
689 1800 734 1864 illi
759 1801 929 1866 identidem
954 1800 988 1864 in
1011 1800 1107 1864 silvas

151 1914 226 1960 suos
242 1894 415 1980 reciperent
431 1916 469 1960 ac
486 1916 596 1960 rursus
613 1916 653 1959 ex
671 1893 750 1960 silva
766 1896 800 1959 in
815 1905 939 1962 nostros
957 1896 1111 1981 impetum

150 1998 270 2066 nerent,
297 2010 399 2072 neque
417 1986 516 2054 nostri
536 1988 676 2075 longius,
705 2010 799 2072 quam
821 2009 914 2072 quem
932 1989 973 2054 ad
990 1988 1086 2053 finem
1103 2011 1116 2074 p

152 2093 237 2148 recta
253 2082 324 2148 loca
340 2094 448 2169 aperta
464 2082 674 2169 pertinebant,
702 2083 847 2148 cedentes
869 2083 991 2167 insequi
1014 2084 1116 2148 auden

149 2178 272 2244 interim
285 2178 426 2265 legiones
437 2198 503 2256 sex,
521 2198 603 2262 quae
615 2179 735 2263 primae
748 2188 904 2264 venerant,
924 2199 1017 2262 opere
1031 2179 1115 2242 dime

149 2286 253 2338 castra
273 2274 394 2340 munire
417 2283 594 2360 coeperunt
638 2272 694 2337 ubi
715 2273 815 2358 prima
835 2273 1060 2358 impedimenta
1076 2297 1116 2338 no

149 2368 303 2432 exercitus
324 2366 364 2433 ab
386 2369 439 2446 iis,
466 2369 521 2453 qui
542 2366 576 2432 in
598 2367 685 2432 silvis
708 2366 805 2432 abditi
821 2367 972 2444 latebant,
998 2368 1069 2431 visa
1093 2392 1116 2432 st

148 2462 234 2544 quod
252 2472 376 2547 tempus
393 2464 473 2526 inter
490 2484 545 2527 eos
565 2461 779 2526 committendi
791 2461 900 2547 proelii
913 2473 1112 2540 convenerat,

148 2567 183 2619 ut
191 2558 273 2631 intra
282 2555 377 2621 silvas
387 2557 487 2621 aciem
496 2556 682 2639 ordinesque
691 2557 915 2622 constituerant
927 2566 1020 2639 etque
1029 2559 1116 2642 ipsis

148 2649 420 2728 confirmaverant,
448 2649 551 2715 subito
568 2648 714 2715 omnibus
737 2650 834 2735 copiis
856 2650 1099 2736 provolaverunt

148 2754 317 2829 petamque
338 2744 372 2808 in
393 2755 517 2810 nostros
540 2744 661 2829 equites
687 2743 837 2809 fecerunt.
881 2744 931 2809 his
957 2744 1051 2809 facile
1072 2768 1116 2830 pu

148 2858 186 2902 ae
206 2837 396 2923 proturbatis
417 2839 591 2904 incredibili
613 2838 769 2905 celeritate
791 2840 832 2903 ad
848 2839 965 2904 flumen
987 2840 1116 2905 decuour

147 2941 233 3010 runt,
259 2942 294 2996 ut
310 2955 410 3019 paene
428 2956 491 2998 uno
509 2943 649 3020 tempore
666 2944 698 2999 et
715 2933 757 2999 ad
774 2931 869 2998 silvas
887 2945 918 2998 et
939 2933 972 2998 in
994 2934 1116 2999 flumine

146 3025 209 3088 iam
231 3026 265 3090 in
281 3026 426 3094 manibus
443 3027 558 3094 nostris
576 3029 683 3094 hostes
700 3028 889 3093 viderentur.
934 3029 1044 3093 eadem
1067 3040 1116 3093 aut

147 3117 304 3185 celeritate
321 3122 455 3188 adverso
472 3122 551 3188 colle
569 3123 610 3187 ad
626 3132 733 3188 nostra
750 3131 852 3187 castra
869 3130 961 3205 atque
980 3146 1048 3200 eos,
1068 3125 1116 3207 qu*

96 3228 129 3277 20
147 3233 241 3298 opere
258 3216 403 3302 occupati
425 3227 526 3296 erant,
553 3217 787 3283 contenderunt.
834 3214 964 3282 Caesari
986 3218 1116 3282 omnia]

146 3317 285 3396 tempore
304 3321 392 3378 erant
408 3312 543 3398 agendas
566 3312 715 3376 vexillum
731 3311 982 3398 proponendum,
1001 3313 1088 3395 quod
1107 3335 1116 3376 ε

145 3404 284 3491 insigne,
312 3428 383 3472 cum
406 3408 446 3471 ad
468 3426 556 3471 arma
582 3406 724 3472 concurri
751 3416 918 3492 oporteret,
946 3407 1073 3491 signum
1095 3417 1116 3470 tr

146 3499 299 3577 dandum,
326 3498 366 3564 ab
389 3521 482 3586 opere
505 3500 671 3565 revocandi
692 3499 820 3578 milites,
848 3501 902 3583 qui
927 3500 1021 3585 paulo
1044 3499 1116 3587 long

146 3593 271 3680 aggeris
288 3595 414 3678 petendi
432 3614 528 3660 causa
545 3604 773 3680 processerant,
801 3593 993 3672 arcessendl,
1021 3596 1105 3659 acies

146 3686 308 3767 struenda,
334 3689 449 3754 milites
471 3689 666 3767 cohortandi,
693 3689 819 3775 signum
844 3688 991 3753 dandum.
1037 3711 1116 3773 quar

145 3804 248 3849 rerum
282 3806 432 3872 magnam
466 3793 588 3870 partem
622 3784 769 3869 temporis
804 3782 941 3850 brevitas
977 3793 1008 3848 et
1044 3805 1116 3849 succ

145 3902 199 3946 sus
229 3880 366 3946 hostium
401 3878 600 3965 impediebat
649 3878 698 3944 his
733 3877 968 3944 difficultatibus
1004 3878 1086 3943 duae

145 3986 232 4045 erant
249 3975 399 4053 subsidio,
419 3974 549 4042 scientia
565 3983 659 4060 atque
676 3996 753 4041 nsua
767 3974 909 4053 militurn,
928 3972 1013 4059 quod
1027 3996 1116 4060 super
