2414 4336
161 256 223 320 112
475 265 529 321 DE
545 264 673 322 BELLO
691 264 861 322 GALLICO

108 411 140 464 ss
158 391 281 457 interim
311 391 453 458 confecta
477 389 718 456 frumentatione
744 390 858 457 milites
887 392 989 459 nostri
1012 393 1151 463 clamoren
1179 390 1181 394 ⁴

159 487 343 554 exaudiunt:
360 494 563 573 praecurrunt
577 485 713 570 equites3
730 494 848 570 quanto
866 485 907 552 sit
922 486 1021 553 resin
1031 488 1157 575 pericolq¹

158 590 361 668 cognoscunt
404 578 456 645 hic
472 601 547 645 vero
564 579 651 644 nulla
668 580 799 646 munitio
817 588 879 659 est,
901 601 984 665 quae
1000 583 1154 668 perterritos

157 675 298 762 recipiat:
320 674 414 741 modo
432 673 599 759 conscripti
616 682 710 758 utque
727 697 804 740 usus
822 674 965 741 militaris
987 675 1156 765 imperitial
1186 673 1190 676 ’

158 769 316 835 tribunum
333 769 467 834 militum
485 768 743 852 centurionesque
761 790 816 834 ora
833 777 1034 835 convertimt:
1050 770 1156 856 quidsi
1185 771 1201 792 ¹

157 863 207 930 his
223 863 443 950 praecipiatur,
470 871 662 948 exspectant
705 884 798 929 nemo
820 871 869 929 est
887 872 953 928 tam
975 862 1078 943 fortis,
1100 864 1158 949 quin
1185 800 1207 948 ἴ

157 958 203 1024 rei
219 957 356 1023 novitate
373 955 578 1042 perturbetur.
623 956 749 1023 barbari
766 958 857 1044 signs
877 957 990 1044 procul
1011 956 1160 1045 conspicati
1198 988 1207 1040 ι

157 1051 390 1138 oppugnatione
412 1051 580 1116 desistunt:
607 1051 727 1117 redisse
747 1052 848 1138 primo
873 1051 1017 1139 legiones
1044 1053 1160 1133 creduut,

158 1168 236 1230 quas
253 1144 379 1231 longius
397 1144 582 1211 discessisse
603 1167 644 1210 ex
666 1145 797 1230 captivis
819 1155 1049 1232 cognoverant3
1073 1155 1162 1234 posbs

159 1239 305 1324 despecta
321 1239 478 1325 paucitate
496 1261 536 1305 ex
553 1239 698 1305 omnibus
714 1238 855 1325 partibus
877 1239 1034 1326 impeturn
1054 1240 1163 1307 faciunt

108 1356 142 1405 so
160 1334 285 1400 calones
303 1333 336 1398 iu
353 1334 531 1419 proximum
548 1333 703 1398 tumulum
720 1342 920 1419 procurrunt:
947 1333 1024 1400 hinc
1045 1334 1164 1402 celeriter

159 1427 270 1494 deiecti
289 1450 323 1494 se
340 1428 373 1492 in
386 1428 477 1514 sigua
489 1428 727 1513 manipulosque
742 1427 913 1494 coniciunt:
932 1450 970 1495 eo
984 1429 1087 1516 magis
1099 1427 1166 1495 tini·

88 1567 90 1571 «
160 1523 216 1588 dos
235 1531 406 1608 perterrent
423 1522 546 1587 milites.
590 1520 657 1601 alii,
680 1543 779 1588 cuneo
796 1521 881 1588 facto
899 1531 935 1587 ut
957 1522 1098 1589 celeriter
1112 1544 1167 1611 per·

158 1627 317 1703 rumpant,
336 1627 477 1695 censent,
497 1617 644 1701 quoniam
661 1625 726 1682 tam
743 1617 919 1704 propinqua
936 1616 1000 1683 sint
1019 1624 1168 1696 cassae

160 1712 188 1776 si
208 1734 281 1797 pars
304 1711 408 1795 aliqua
429 1713 641 1778 circumventa
662 1711 821 1788 ceciderit,
848 1720 881 1775 at
904 1710 1046 1796 reliquos
1067 1711 1168 1778 serrati

158 1826 253 1892 posse
271 1804 444 1883 confidunt3
466 1807 532 1884 alii,
551 1807 636 1871 utin
652 1805 727 1892 iugo
746 1804 918 1871 consistant
935 1813 1033 1889 atque
1050 1807 1167 1872 eunden

160 1919 268 1964 omnes
293 1898 395 1964 ferant
423 1920 541 1965 casum.
585 1900 645 1967 hoc
671 1909 792 1966 veteres
817 1921 880 1964 non
901 1898 1039 1985 probant
1059 1900 1166 1979 milites,
1200 1928 1205 1935 ·

160 2014 239 2077 quos
258 1992 317 2059 sub
334 1993 448 2059 vexillo
465 2015 529 2058 una
545 1994 702 2080 profectos
721 1993 894 2059 docuimus.
928 1993 1039 2077 itaque
1054 1993 1165 2060 interce

161 2086 325 2165 cohortati,
352 2088 432 2152 duce
451 2085 532 2155 Gaio
550 2088 721 2165 Trebonio,
748 2087 852 2173 equite
872 2086 1035 2167 Romano,
1062 2087 1115 2173 qui
1131 2086 1164 2152 eis
1199 2115 1205 2122 ·

161 2191 226 2247 erat
245 2183 456 2268 praepositus,
482 2205 539 2269 per
563 2182 683 2248 medios
705 2182 811 2248 hostes
836 2190 1045 2268 perrumpunt
1064 2181 1164 2248 incolu-
1202 2194 1205 2199 '

160 2299 289 2362 mesque
306 2277 348 2343 ad
365 2300 462 2343 unum
484 2299 595 2344 omnes
614 2277 648 2341 in
669 2287 772 2342 castra
793 2276 987 2363 perveniunt
1033 2277 1091 2342 hos
1108 2273 1164 2342 sub·

161 2372 260 2438 secuti
281 2372 406 2438 calcum
429 2373 611 2456 equitesque
633 2371 744 2437 eodem
765 2371 884 2456 impetu
906 2370 1043 2436 militum
1068 2371 1162 2436 virtuts
1201 2380 1205 2391 ’

161 2475 331 2532 servantur.
376 2475 408 2531 at
433 2466 468 2544 ii,
496 2466 551 2550 qui
575 2467 608 2530 in
632 2466 708 2553 iugo
734 2465 948 2543 constiterant,
974 2464 1063 2530 nullo
1087 2464 1164 2530 etisu

160 2580 245 2626 nuno
262 2581 322 2624 usu
338 2559 383 2625 rei
400 2560 542 2624 militaris
558 2577 705 2645 percepto
722 2580 824 2643 neque
841 2559 875 2623 in
892 2580 944 2637 eo,
967 2558 1054 2643 quod
1071 2556 1165 2644 probs·

162 2661 285 2730 verant,
303 2653 433 2719 consilio
450 2676 645 2739 permanere,
664 2663 699 2719 ut
717 2675 751 2719 se
768 2652 838 2718 loco
858 2653 1017 2738 superiore
1035 2651 1168 2718 defende

160 2755 244 2824 rent,
262 2767 364 2830 neque
381 2769 464 2825 eam,
483 2769 579 2831 quam
594 2748 744 2834 prodesse
761 2746 830 2813 aliis
847 2746 913 2811 vim
929 2745 1166 2830 celeritatemque

161 2839 315 2917 viderant,
342 2841 456 2906 imitari
472 2851 653 2927 potuerunt,
681 2841 737 2907 sed
755 2840 839 2907 sein
856 2848 958 2906 castra
973 2840 1113 2926 recipere
1127 2859 1168 2904 co·

160 2934 226 3000 nati
242 2934 384 3019 iniquum
402 2934 556 3001 inlocum
573 2937 774 3002 demiserunt.
818 2935 1030 3014 centuriones,
1048 2955 1169 3020 quorum

160 3028 302 3095 nonnulli
327 3051 367 3095 ex
392 3029 589 3096 inferioribus
616 3029 777 3096 ordinibus
807 3027 997 3112 reliquarum
1021 3028 1171 3116 legionum
1203 3044 1205 3051 '

161 3123 283 3190 virtutis
305 3145 400 3190 causa
421 3123 454 3188 in
476 3125 651 3209 superiores
674 3133 761 3190 erant
782 3123 905 3189 ordines
927 3123 1022 3188 huius
1048 3121 1172 3211 legionis

161 3219 307 3296 traducti,
335 3240 375 3283 ne
399 3227 470 3283 ante
486 3228 608 3305 partam
624 3218 670 3284 rei
687 3218 827 3283 militaris
848 3216 973 3282 laudem
995 3216 1173 3293 amitterent,

161 3313 330 3379 fortissime
351 3322 528 3399 pugnantes
556 3314 767 3380 conciderunt.
812 3313 945 3378 militum
970 3334 1045 3398 pars
1071 3312 1175 3378 horum

161 3407 275 3472 virtute
293 3406 445 3473 submotis
462 3406 606 3473 hostibus
619 3418 742 3495 praeter
756 3429 844 3494 spem
856 3406 1020 3472 incolumis
1032 3406 1070 3472 in
1082 3416 1176 3472 castre

113 3523 146 3572 41
162 3501 316 3587 pervenit,
342 3524 416 3588 pars
439 3525 457 3567 a
479 3501 620 3569 barbaris
646 3503 857 3568 circumventa
881 3501 982 3589 periit.
1030 3497 1177 3570 Germani

162 3597 325 3682 desperata
342 3597 571 3682 expugnatione
588 3607 770 3674 castrorum,
788 3596 873 3680 quod
888 3605 1013 3661 nostros
1030 3595 1098 3661 iam
1110 3617 1177 3662 con·

163 3690 279 3756 stitisse
295 3689 329 3754 in
346 3690 568 3757 munitionibus
582 3690 739 3768 videbant,
758 3711 830 3754 eum
843 3711 880 3755 ea
892 3688 1018 3776 praeda,
1035 3687 1178 3774 quamin

162 3783 250 3850 silvis
276 3784 499 3870 deposuerant,
526 3794 611 3850 tram
633 3784 780 3850 Rhenum
806 3804 876 3850 sese
902 3792 1099 3869 receperunt.
1144 3802 1177 3848 ac

162 3886 267 3943 tantus
293 3876 353 3943 fuit
378 3876 472 3942 etiam
492 3887 564 3964 post
590 3879 765 3945 discessum
789 3877 927 3944 hostium
948 3886 1063 3958 terror,
1090 3885 1126 3943 ut
1143 3897 1178 3942 es

154 3981 262 4054 nocte,
294 3995 368 4040 cum
397 3968 499 4040 Gaius
523 3970 709 4041 Volusenus
730 3973 850 4039 missus
876 3993 951 4037 cum
974 3971 1119 4055 equitatu
1139 3968 1176 4036 sd

141 4075 252 4137 casus
273 4069 436 4156 venisset,
466 4069 570 4140 fidem
589 4093 661 4138 non
679 4069 806 4136 laceret
823 4065 940 4132 adesse
959 4083 1037 4126 cum
1044 4059 1193 4126 incolum
