<?xml version="1.0" encoding="UTF-8"?>
<!DOCTYPE html PUBLIC "-//W3C//DTD XHTML 1.0 Transitional//EN"
    "http://www.w3.org/TR/xhtml1/DTD/xhtml1-transitional.dtd">
<html xmlns="http://www.w3.org/1999/xhtml" xml:lang="en" lang="en">
 <head>
  <title>
</title>
<meta http-equiv="Content-Type" content="text/html;charset=utf-8" />
  <meta name='ocr-system' content='tesseract 3.04.00' />
  <meta name='ocr-capabilities' content='ocr_page ocr_carea ocr_par ocr_line ocrx_word'/>
</head>
<body>
  <div class='ocr_page' id='page_1' title='image "./ciuliicaesarisc01krangoog_0141.png"; bbox 0 0 2528 4336; ppageno 0'>
   <div class='ocr_carea' id='block_1_1' title="bbox 157 219 1129 456">
    <p class='ocr_par' dir='ltr' id='par_1_1' title="bbox 55 219 1129 460">
     <span class='ocr_line' id='line_1_1' title="bbox 449 219 1129 301; baseline -0.007 -2"><span class='ocrx_word' id='word_1_1' title='bbox 449 219 785 301; x_wconf 67' lang='lat' dir='ltr'>consumes-ao.</span> <span class='ocrx_word' id='word_1_2' title='bbox 1067 228 1129 295; x_wconf 83' lang='lat'>135</span> 
     </span>
     <span class='ocr_line' id='line_1_2' title="bbox 157 362 1128 456; baseline 0.003 -25.715"><span class='ocrx_word' id='word_1_3' title='bbox 157 362 183 430; x_wconf 83' lang='lat' dir='ltr'>ti</span> <span class='ocrx_word' id='word_1_4' title='bbox 197 386 255 453; x_wconf 87' lang='lat' dir='ltr'>spe</span> <span class='ocrx_word' id='word_1_5' title='bbox 272 363 383 432; x_wconf 82' lang='lat' dir='ltr'>celeris</span> <span class='ocrx_word' id='word_1_6' title='bbox 402 364 550 434; x_wconf 86' lang='lat' dir='ltr'>victoriae</span> <span class='ocrx_word' id='word_1_7' title='bbox 572 376 603 433; x_wconf 90' lang='lat' dir='ltr'>et</span> <span class='ocrx_word' id='word_1_8' title='bbox 624 367 761 434; x_wconf 89' lang='lat' dir='ltr'>hostium</span> <span class='ocrx_word' id='word_1_9' title='bbox 777 366 855 456; x_wconf 84' lang='lat' dir='ltr'>fuga</span> <span class='ocrx_word' id='word_1_10' title='bbox 872 366 1128 454; x_wconf 79' lang='lat' dir='ltr'>superiorumque</span> 
     </span>
    </p>
   </div>
   <div class='ocr_carea' id='block_1_2' title="bbox 55 460 1180 4136">
    <p class='ocr_par' dir='ltr' id='par_1_2' title="bbox 56 460 1129 549">
     <span class='ocr_line' id='line_1_3' title="bbox 56 460 1129 549; baseline -0.002 -20"><span class='ocrx_word' id='word_1_11' title='bbox 56 515 62 529; x_wconf 91' lang='lat'>.</span> <span class='ocrx_word' id='word_1_12' title='bbox 210 483 284 526; x_wconf 90' lang='lat' dir='ltr'>rum</span> <span class='ocrx_word' id='word_1_13' title='bbox 300 460 447 527; x_wconf 88' lang='lat' dir='ltr'>secundis</span> <span class='ocrx_word' id='word_1_14' title='bbox 464 461 590 549; x_wconf 89' lang='lat' dir='ltr'>proeliis</span> <span class='ocrx_word' id='word_1_15' title='bbox 608 461 685 527; x_wconf 90' lang='lat' dir='ltr'>nihil</span> <span class='ocrx_word' id='word_1_16' title='bbox 703 463 782 527; x_wconf 87' lang='lat' dir='ltr'>adeo</span> <span class='ocrx_word' id='word_1_17' title='bbox 800 461 932 526; x_wconf 88' lang='lat' dir='ltr'>arduum</span> <span class='ocrx_word' id='word_1_18' title='bbox 945 460 1006 527; x_wconf 93' lang='lat' dir='ltr'>sibi</span> <span class='ocrx_word' id='word_1_19' title='bbox 1023 461 1129 527; x_wconf 85' lang='lat' dir='ltr'>existi·</span> 
     </span>
    </p>

    <p class='ocr_par' dir='ltr' id='par_1_3' title="bbox 58 554 1129 642">
     <span class='ocr_line' id='line_1_4' title="bbox 58 554 1129 642; baseline 0.002 -22"><span class='ocrx_word' id='word_1_20' title='bbox 58 622 65 637; x_wconf 84' lang='lat'>.-</span> <span class='ocrx_word' id='word_1_21' title='bbox 179 564 249 635; x_wconf 85' lang='lat' dir='ltr'>ant,</span> <span class='ocrx_word' id='word_1_22' title='bbox 271 554 358 640; x_wconf 91' lang='lat' dir='ltr'>quod</span> <span class='ocrx_word' id='word_1_23' title='bbox 373 578 438 622; x_wconf 89' lang='lat' dir='ltr'>non</span> <span class='ocrx_word' id='word_1_24' title='bbox 453 556 567 622; x_wconf 86' lang='lat' dir='ltr'>virtute</span> <span class='ocrx_word' id='word_1_25' title='bbox 584 557 734 641; x_wconf 82' lang='lat' dir='ltr'>consequi</span> <span class='ocrx_word' id='word_1_26' title='bbox 750 565 893 642; x_wconf 82' lang='lat' dir='ltr'>possent,</span> <span class='ocrx_word' id='word_1_27' title='bbox 915 577 1017 641; x_wconf 91' lang='lat' dir='ltr'>neque</span> <span class='ocrx_word' id='word_1_28' title='bbox 1034 555 1129 622; x_wconf 90' lang='lat' dir='ltr'>finem</span> 
     </span>
    </p>

    <p class='ocr_par' dir='ltr' id='par_1_4' title="bbox 55 649 1130 737">
     <span class='ocr_line' id='line_1_5' title="bbox 55 649 1130 737; baseline -0.003 -18"><span class='ocrx_word' id='word_1_29' title='bbox 55 703 62 719; x_wconf 70' lang='grc'><strong>,</strong></span> <span class='ocrx_word' id='word_1_30' title='bbox 143 650 192 717; x_wconf 77' lang='grc' dir='ltr'>ἰιι</span> <span class='ocrx_word' id='word_1_31' title='bbox 210 649 364 735; x_wconf 85' lang='lat' dir='ltr'>sequendi</span> <span class='ocrx_word' id='word_1_32' title='bbox 380 649 535 729; x_wconf 80' lang='lat' dir='ltr'>fecerunt,</span> <span class='ocrx_word' id='word_1_33' title='bbox 554 672 649 736; x_wconf 88' lang='lat' dir='ltr'>quam</span> <span class='ocrx_word' id='word_1_34' title='bbox 666 673 756 716; x_wconf 93' lang='lat' dir='ltr'>muro</span> <span class='ocrx_word' id='word_1_35' title='bbox 774 651 882 737; x_wconf 89' lang='lat' dir='ltr'>oppidi</span> <span class='ocrx_word' id='word_1_36' title='bbox 897 651 1056 737; x_wconf 87' lang='lat' dir='ltr'>portisque</span> <span class='ocrx_word' id='word_1_37' title='bbox 1075 673 1130 737; x_wconf 90' lang='lat' dir='ltr'>ap·</span> 
     </span>
    </p>

    <p class='ocr_par' dir='ltr' id='par_1_5' title="bbox 55 743 1128 927">
     <span class='ocr_line' id='line_1_6' title="bbox 55 743 1128 856; baseline 0.001 -45"><span class='ocrx_word' id='word_1_38' title='bbox 55 798 57 822; x_wconf 63' lang='lat'>÷</span> <span class='ocrx_word' id='word_1_39' title='bbox 159 744 364 856; x_wconf 78' lang='lat' dir='ltr'>pinquarunt.</span> <span class='ocrx_word' id='word_1_40' title='bbox 407 754 475 810; x_wconf 92' lang='lat' dir='ltr'>tum</span> <span class='ocrx_word' id='word_1_41' title='bbox 492 768 566 811; x_wconf 88' lang='lat' dir='ltr'>vero</span> <span class='ocrx_word' id='word_1_42' title='bbox 584 768 624 811; x_wconf 87' lang='lat' dir='ltr'>ex</span> <span class='ocrx_word' id='word_1_43' title='bbox 641 745 785 812; x_wconf 85' lang='lat' dir='ltr'>omnibus</span> <span class='ocrx_word' id='word_1_44' title='bbox 804 746 890 812; x_wconf 90' lang='lat' dir='ltr'>urbis</span> <span class='ocrx_word' id='word_1_45' title='bbox 908 743 1048 832; x_wconf 88' lang='lat' dir='ltr'>partibus</span> <span class='ocrx_word' id='word_1_46' title='bbox 1061 754 1128 812; x_wconf 88' lang='lat' dir='ltr'>orto</span> 
     </span>
     <span class='ocr_line' id='line_1_7' title="bbox 104 838 1128 951; baseline -0.003 -44"><span class='ocrx_word' id='word_1_47' title='bbox 104 838 243 907; x_wconf 79' lang='lat' dir='ltr'>clamore</span> <span class='ocrx_word' id='word_1_48' title='bbox 264 861 320 924; x_wconf 90' lang='lat' dir='ltr'>qm</span> <span class='ocrx_word' id='word_1_49' title='bbox 308 839 459 927; x_wconf 87' lang='lat' dir='ltr'>longius</span> <span class='ocrx_word' id='word_1_50' title='bbox 481 839 610 907; x_wconf 89' lang='lat' dir='ltr'>aberant</span> <span class='ocrx_word' id='word_1_51' title='bbox 631 841 793 951; x_wconf 80' lang='lat' dir='ltr'>repentino</span> <span class='ocrx_word' id='word_1_52' title='bbox 811 839 923 906; x_wconf 91' lang='lat' dir='ltr'>tumult</span> <span class='ocrx_word' id='word_1_53' title='bbox 910 849 945 905; x_wconf 91' lang='lat' dir='ltr'>tu</span> <span class='ocrx_word' id='word_1_54' title='bbox 964 838 1128 926; x_wconf 84' lang='lat' dir='ltr'>perterriti,</span> 
     </span>
    </p>

    <p class='ocr_par' dir='ltr' id='par_1_6' title="bbox 55 933 1178 2061">
     <span class='ocr_line' id='line_1_8' title="bbox 55 933 1129 1025; baseline -0.004 -22"><span class='ocrx_word' id='word_1_55' title='bbox 55 1018 60 1025; x_wconf 91' lang='lat'><em>.</em></span> <span class='ocrx_word' id='word_1_56' title='bbox 106 956 177 1003; x_wconf 80' lang='lat' dir='ltr'>rum</span> <span class='ocrx_word' id='word_1_57' title='bbox 192 933 347 1001; x_wconf 81' lang='lat' dir='ltr'>hostem</span> <span class='ocrx_word' id='word_1_58' title='bbox 336 943 418 1000; x_wconf 86' lang='lat' dir='ltr'>rutra</span> <span class='ocrx_word' id='word_1_59' title='bbox 433 944 540 1021; x_wconf 89' lang='lat' dir='ltr'>portas</span> <span class='ocrx_word' id='word_1_60' title='bbox 553 957 623 1002; x_wconf 89' lang='lat' dir='ltr'>esse</span> <span class='ocrx_word' id='word_1_61' title='bbox 637 935 859 1013; x_wconf 88' lang='lat' dir='ltr'>existimarent,</span> <span class='ocrx_word' id='word_1_62' title='bbox 879 957 948 1001; x_wconf 87' lang='lat' dir='ltr'>sese</span> <span class='ocrx_word' id='word_1_63' title='bbox 961 957 1001 1000; x_wconf 89' lang='lat' dir='ltr'>ex</span> <span class='ocrx_word' id='word_1_64' title='bbox 1014 933 1129 1021; x_wconf 91' lang='lat' dir='ltr'>oppido</span> 
     </span>
     <span class='ocr_line' id='line_1_9' title="bbox 105 1027 1129 1117; baseline -0.003 -20"><span class='ocrx_word' id='word_1_65' title='bbox 105 1030 276 1097; x_wconf 81' lang='lat' dir='ltr'>eiecerunt.</span> <span class='ocrx_word' id='word_1_66' title='bbox 251 1027 571 1096; x_wconf 85' lang='lat' dir='ltr'>tmatresfamiliae</span> <span class='ocrx_word' id='word_1_67' title='bbox 593 1030 633 1095; x_wconf 94' lang='lat' dir='ltr'>de</span> <span class='ocrx_word' id='word_1_68' title='bbox 654 1051 744 1094; x_wconf 91' lang='lat' dir='ltr'>muro</span> <span class='ocrx_word' id='word_1_69' title='bbox 762 1040 883 1095; x_wconf 86' lang='lat' dir='ltr'>vestem</span> <span class='ocrx_word' id='word_1_70' title='bbox 905 1037 1129 1117; x_wconf 83' lang='lat' dir='ltr'>argentumque</span> 
     </span>
     <span class='ocr_line' id='line_1_10' title="bbox 103 1122 1130 1212; baseline -0.002 -19"><span class='ocrx_word' id='word_1_71' title='bbox 103 1122 265 1201; x_wconf 74' lang='lat' dir='ltr'>iactabant</span> <span class='ocrx_word' id='word_1_72' title='bbox 281 1133 313 1189; x_wconf 89' lang='lat' dir='ltr'>et</span> <span class='ocrx_word' id='word_1_73' title='bbox 329 1134 455 1212; x_wconf 83' lang='lat' dir='ltr'>pectore</span> <span class='ocrx_word' id='word_1_74' title='bbox 472 1126 557 1191; x_wconf 92' lang='lat' dir='ltr'>nudo</span> <span class='ocrx_word' id='word_1_75' title='bbox 574 1126 750 1211; x_wconf 89' lang='lat' dir='ltr'>prominent</span> <span class='ocrx_word' id='word_1_76' title='bbox 751 1147 785 1190; x_wconf 89' lang='lat' dir='ltr'>es</span> <span class='ocrx_word' id='word_1_77' title='bbox 797 1125 901 1212; x_wconf 89' lang='lat' dir='ltr'>passis</span> <span class='ocrx_word' id='word_1_78' title='bbox 914 1124 1059 1195; x_wconf 89' lang='lat' dir='ltr'>manibus</span> <span class='ocrx_word' id='word_1_79' title='bbox 1073 1124 1130 1191; x_wconf 93' lang='lat' dir='ltr'>ob-</span> 
     </span>
     <span class='ocr_line' id='line_1_11' title="bbox 103 1217 1129 1306; baseline -0.003 -19"><span class='ocrx_word' id='word_1_80' title='bbox 103 1218 302 1287; x_wconf 81' lang='lat' dir='ltr'>testabantur</span> <span class='ocrx_word' id='word_1_81' title='bbox 312 1217 483 1298; x_wconf 87' lang='lat' dir='ltr'>Romanos,</span> <span class='ocrx_word' id='word_1_82' title='bbox 501 1229 536 1285; x_wconf 92' lang='lat' dir='ltr'>ut</span> <span class='ocrx_word' id='word_1_83' title='bbox 555 1219 615 1286; x_wconf 89' lang='lat' dir='ltr'>sibi</span> <span class='ocrx_word' id='word_1_84' title='bbox 626 1227 798 1306; x_wconf 81' lang='lat' dir='ltr'>parcerent,</span> <span class='ocrx_word' id='word_1_85' title='bbox 817 1241 889 1297; x_wconf 92' lang='lat' dir='ltr'>neu,</span> <span class='ocrx_word' id='word_1_86' title='bbox 908 1220 988 1285; x_wconf 91' lang='lat' dir='ltr'>sicut</span> <span class='ocrx_word' id='word_1_87' title='bbox 1000 1218 1129 1285; x_wconf 87' lang='lat' dir='ltr'>Avarici</span> 
     </span>
     <span class='ocr_line' id='line_1_12' title="bbox 103 1311 1130 1398; baseline -0.002 -17"><span class='ocrx_word' id='word_1_88' title='bbox 103 1312 270 1391; x_wconf 69' lang='lat' dir='ltr'>Iedment,</span> <span class='ocrx_word' id='word_1_89' title='bbox 292 1334 333 1379; x_wconf 91' lang='lat' dir='ltr'>ne</span> <span class='ocrx_word' id='word_1_90' title='bbox 350 1314 531 1380; x_wconf 90' lang='lat' dir='ltr'>mulieribus</span> <span class='ocrx_word' id='word_1_91' title='bbox 549 1314 676 1398; x_wconf 91' lang='lat' dir='ltr'>quidem</span> <span class='ocrx_word' id='word_1_92' title='bbox 694 1323 787 1398; x_wconf 92' lang='lat' dir='ltr'>atque</span> <span class='ocrx_word' id='word_1_93' title='bbox 803 1311 975 1378; x_wconf 86' lang='lat' dir='ltr'>infantibus</span> <span class='ocrx_word' id='word_1_94' title='bbox 993 1311 1130 1379; x_wconf 87' lang='lat' dir='ltr'>abstine-</span> 
     </span>
     <span class='ocr_line' id='line_1_13' title="bbox 103 1406 1130 1494; baseline -0.001 -22"><span class='ocrx_word' id='word_1_95' title='bbox 103 1416 187 1481; x_wconf 74' lang='lat' dir='ltr'>rentt</span> <span class='ocrx_word' id='word_1_96' title='bbox 212 1406 382 1473; x_wconf 79' lang='lat' dir='ltr'>nonnullae</span> <span class='ocrx_word' id='word_1_97' title='bbox 404 1409 444 1474; x_wconf 91' lang='lat' dir='ltr'>de</span> <span class='ocrx_word' id='word_1_98' title='bbox 461 1409 558 1474; x_wconf 90' lang='lat' dir='ltr'>muris</span> <span class='ocrx_word' id='word_1_99' title='bbox 576 1431 633 1494; x_wconf 90' lang='lat' dir='ltr'>per</span> <span class='ocrx_word' id='word_1_100' title='bbox 654 1430 766 1473; x_wconf 89' lang='lat' dir='ltr'>manus</span> <span class='ocrx_word' id='word_1_101' title='bbox 789 1407 944 1473; x_wconf 89' lang='lat' dir='ltr'>demissae</span> <span class='ocrx_word' id='word_1_102' title='bbox 962 1428 1032 1472; x_wconf 87' lang='lat' dir='ltr'>sese</span> <span class='ocrx_word' id='word_1_103' title='bbox 1049 1407 1130 1471; x_wconf 91' lang='lat' dir='ltr'>mili-</span> 
     </span>
     <span class='ocr_line' id='line_1_14' title="bbox 104 1499 1127 1588; baseline -0.003 -19"><span class='ocrx_word' id='word_1_104' title='bbox 104 1502 188 1569; x_wconf 85' lang='lat' dir='ltr'>tibus</span> <span class='ocrx_word' id='word_1_105' title='bbox 207 1501 382 1568; x_wconf 84' lang='lat' dir='ltr'>tradebant.</span> <span class='ocrx_word' id='word_1_106' title='bbox 426 1503 549 1569; x_wconf 89' lang='lat' dir='ltr'>Lucius</span> <span class='ocrx_word' id='word_1_107' title='bbox 565 1501 699 1581; x_wconf 80' lang='lat' dir='ltr'>Fabius,</span> <span class='ocrx_word' id='word_1_108' title='bbox 727 1502 866 1568; x_wconf 92' lang='lat' dir='ltr'>centurio</span> <span class='ocrx_word' id='word_1_109' title='bbox 883 1499 1015 1588; x_wconf 85' lang='lat' dir='ltr'>legionis</span> <span class='ocrx_word' id='word_1_110' title='bbox 1033 1499 1127 1580; x_wconf 88' lang='lat' dir='ltr'>VIII,</span> 
     </span>
     <span class='ocr_line' id='line_1_15' title="bbox 103 1594 1130 1683; baseline -0.002 -21"><span class='ocrx_word' id='word_1_111' title='bbox 103 1618 200 1683; x_wconf 85' lang='lat' dir='ltr'>quem</span> <span class='ocrx_word' id='word_1_112' title='bbox 216 1594 301 1663; x_wconf 88' lang='lat' dir='ltr'>inter</span> <span class='ocrx_word' id='word_1_113' title='bbox 317 1618 394 1664; x_wconf 83' lang='lat' dir='ltr'>suos</span> <span class='ocrx_word' id='word_1_114' title='bbox 410 1619 447 1664; x_wconf 93' lang='lat' dir='ltr'>eo</span> <span class='ocrx_word' id='word_1_115' title='bbox 465 1598 515 1663; x_wconf 91' lang='lat' dir='ltr'>die</span> <span class='ocrx_word' id='word_1_116' title='bbox 532 1598 650 1663; x_wconf 79' lang='lat' dir='ltr'>dixisse</span> <span class='ocrx_word' id='word_1_117' title='bbox 668 1596 831 1662; x_wconf 84' lang='lat' dir='ltr'>constabat</span> <span class='ocrx_word' id='word_1_118' title='bbox 849 1596 976 1663; x_wconf 87' lang='lat' dir='ltr'>excitari</span> <span class='ocrx_word' id='word_1_119' title='bbox 994 1617 1028 1662; x_wconf 90' lang='lat' dir='ltr'>se</span> <span class='ocrx_word' id='word_1_120' title='bbox 1041 1594 1130 1661; x_wconf 87' lang='lat' dir='ltr'>Ava-</span> 
     </span>
     <span class='ocr_line' id='line_1_16' title="bbox 104 1688 1129 1777; baseline -0.003 -18"><span class='ocrx_word' id='word_1_121' title='bbox 104 1688 281 1759; x_wconf 73' lang='lat' dir='ltr'>mensibus</span> <span class='ocrx_word' id='word_1_122' title='bbox 301 1691 448 1777; x_wconf 85' lang='lat' dir='ltr'>praemiis</span> <span class='ocrx_word' id='word_1_123' title='bbox 469 1714 572 1777; x_wconf 89' lang='lat' dir='ltr'>neque</span> <span class='ocrx_word' id='word_1_124' title='bbox 594 1692 847 1769; x_wconf 89' lang='lat' dir='ltr'>commissurum,</span> <span class='ocrx_word' id='word_1_125' title='bbox 876 1699 910 1755; x_wconf 91' lang='lat' dir='ltr'>ut</span> <span class='ocrx_word' id='word_1_126' title='bbox 934 1691 1021 1777; x_wconf 91' lang='lat' dir='ltr'>prius</span> <span class='ocrx_word' id='word_1_127' title='bbox 1043 1691 1129 1776; x_wconf 90' lang='lat' dir='ltr'>quis-</span> 
     </span>
     <span class='ocr_line' id='line_1_17' title="bbox 105 1785 1128 1871; baseline 0.002 -22"><span class='ocrx_word' id='word_1_128' title='bbox 105 1804 200 1871; x_wconf 83' lang='lat' dir='ltr'>quam</span> <span class='ocrx_word' id='word_1_129' title='bbox 218 1806 344 1850; x_wconf 91' lang='lat' dir='ltr'>murum</span> <span class='ocrx_word' id='word_1_130' title='bbox 365 1787 559 1863; x_wconf 88' lang='lat' dir='ltr'>ascenderet,</span> <span class='ocrx_word' id='word_1_131' title='bbox 586 1795 649 1851; x_wconf 88' lang='lat' dir='ltr'>tres</span> <span class='ocrx_word' id='word_1_132' title='bbox 672 1808 746 1852; x_wconf 88' lang='lat' dir='ltr'>euos</span> <span class='ocrx_word' id='word_1_133' title='bbox 769 1794 902 1852; x_wconf 88' lang='lat' dir='ltr'>nanctus</span> <span class='ocrx_word' id='word_1_134' title='bbox 919 1785 1128 1871; x_wconf 88' lang='lat' dir='ltr'>manipulares</span> 
     </span>
     <span class='ocr_line' id='line_1_18' title="bbox 105 1878 1128 1966; baseline -0.002 -19"><span class='ocrx_word' id='word_1_135' title='bbox 105 1888 199 1965; x_wconf 71' lang='lat' dir='ltr'>atque</span> <span class='ocrx_word' id='word_1_136' title='bbox 218 1878 259 1945; x_wconf 89' lang='lat' dir='ltr'>ab</span> <span class='ocrx_word' id='word_1_137' title='bbox 277 1879 317 1946; x_wconf 89' lang='lat' dir='ltr'>iis</span> <span class='ocrx_word' id='word_1_138' title='bbox 334 1879 515 1946; x_wconf 87' lang='lat' dir='ltr'>sublevatus</span> <span class='ocrx_word' id='word_1_139' title='bbox 533 1903 657 1946; x_wconf 89' lang='lat' dir='ltr'>murum</span> <span class='ocrx_word' id='word_1_140' title='bbox 680 1882 834 1947; x_wconf 88' lang='lat' dir='ltr'>aseendit:</span> <span class='ocrx_word' id='word_1_141' title='bbox 855 1880 914 1946; x_wconf 90' lang='lat' dir='ltr'>hos</span> <span class='ocrx_word' id='word_1_142' title='bbox 936 1881 1003 1966; x_wconf 90' lang='lat' dir='ltr'>ipse</span> <span class='ocrx_word' id='word_1_143' title='bbox 1020 1902 1128 1947; x_wconf 88' lang='lat' dir='ltr'>rursus</span> 
     </span>
     <span class='ocr_line' id='line_1_19' title="bbox 106 1972 1178 2061; baseline 0.001 -23"><span class='ocrx_word' id='word_1_144' title='bbox 106 1972 249 2061; x_wconf 79' lang='lat' dir='ltr'>singulos</span> <span class='ocrx_word' id='word_1_145' title='bbox 267 1984 435 2060; x_wconf 89' lang='lat' dir='ltr'>exceptans</span> <span class='ocrx_word' id='word_1_146' title='bbox 452 1976 484 2041; x_wconf 93' lang='lat' dir='ltr'>in</span> <span class='ocrx_word' id='word_1_147' title='bbox 503 1997 627 2040; x_wconf 92' lang='lat' dir='ltr'>murum</span> <span class='ocrx_word' id='word_1_148' title='bbox 649 1975 767 2041; x_wconf 87' lang='lat' dir='ltr'>extulit.</span> <span class='ocrx_word' id='word_1_149' title='bbox 811 1975 933 2040; x_wconf 82' lang='lat' dir='ltr'>interim</span> <span class='ocrx_word' id='word_1_150' title='bbox 955 1975 991 2053; x_wconf 92' lang='lat' dir='ltr'>ii,</span> <span class='ocrx_word' id='word_1_151' title='bbox 1014 1976 1069 2060; x_wconf 92' lang='lat' dir='ltr'>qui</span> <span class='ocrx_word' id='word_1_152' title='bbox 1089 1974 1129 2040; x_wconf 90' lang='lat' dir='ltr'>ad</span> <span class='ocrx_word' id='word_1_153' title='bbox 1146 1991 1178 2039; x_wconf 81' lang='grc'>48</span> 
     </span>
    </p>

    <p class='ocr_par' dir='ltr' id='par_1_7' title="bbox 86 2066 1180 4047">
     <span class='ocr_line' id='line_1_20' title="bbox 86 2066 1129 2155; baseline 0 -21"><span class='ocrx_word' id='word_1_154' title='bbox 86 2066 89 2075; x_wconf 82' lang='lat'>&#39;</span> <span class='ocrx_word' id='word_1_155' title='bbox 105 2067 238 2134; x_wconf 74' lang='lat' dir='ltr'>alteram</span> <span class='ocrx_word' id='word_1_156' title='bbox 254 2078 375 2154; x_wconf 85' lang='lat' dir='ltr'>partem</span> <span class='ocrx_word' id='word_1_157' title='bbox 393 2069 513 2155; x_wconf 90' lang='lat' dir='ltr'>oppidi,</span> <span class='ocrx_word' id='word_1_158' title='bbox 540 2079 688 2155; x_wconf 87' lang='lat' dir='ltr'>utsupra</span> <span class='ocrx_word' id='word_1_159' title='bbox 706 2069 1001 2147; x_wconf 84' lang='lat' dir='ltr'>demonstravimus,</span> <span class='ocrx_word' id='word_1_160' title='bbox 1028 2070 1129 2134; x_wconf 91' lang='lat' dir='ltr'>muni·</span> 
     </span>
     <span class='ocr_line' id='line_1_21' title="bbox 104 2160 1129 2249; baseline -0.003 -20"><span class='ocrx_word' id='word_1_161' title='bbox 104 2160 198 2229; x_wconf 82' lang='lat' dir='ltr'>tlonis</span> <span class='ocrx_word' id='word_1_162' title='bbox 223 2183 319 2228; x_wconf 88' lang='lat' dir='ltr'>causa</span> <span class='ocrx_word' id='word_1_163' title='bbox 339 2173 562 2241; x_wconf 87' lang='lat' dir='ltr'>convenerant,</span> <span class='ocrx_word' id='word_1_164' title='bbox 587 2163 688 2249; x_wconf 91' lang='lat' dir='ltr'>primo</span> <span class='ocrx_word' id='word_1_165' title='bbox 710 2162 855 2227; x_wconf 88' lang='lat' dir='ltr'>exaudito</span> <span class='ocrx_word' id='word_1_166' title='bbox 881 2161 1030 2240; x_wconf 91' lang='lat' dir='ltr'>elamore,</span> <span class='ocrx_word' id='word_1_167' title='bbox 1056 2162 1129 2226; x_wconf 87' lang='lat' dir='ltr'>inde</span> 
     </span>
     <span class='ocr_line' id='line_1_22' title="bbox 103 2255 1127 2343; baseline -0.001 -20"><span class='ocrx_word' id='word_1_168' title='bbox 103 2256 201 2323; x_wconf 73' lang='lat' dir='ltr'>edum</span> <span class='ocrx_word' id='word_1_169' title='bbox 220 2255 336 2322; x_wconf 89' lang='lat' dir='ltr'>crebris</span> <span class='ocrx_word' id='word_1_170' title='bbox 353 2258 470 2323; x_wconf 87' lang='lat' dir='ltr'>nuntiis</span> <span class='ocrx_word' id='word_1_171' title='bbox 487 2259 615 2336; x_wconf 87' lang='lat' dir='ltr'>incitati,</span> <span class='ocrx_word' id='word_1_172' title='bbox 635 2257 784 2343; x_wconf 90' lang='lat' dir='ltr'>oppidum</span> <span class='ocrx_word' id='word_1_173' title='bbox 797 2255 837 2322; x_wconf 95' lang='lat' dir='ltr'>ab</span> <span class='ocrx_word' id='word_1_174' title='bbox 851 2255 1003 2321; x_wconf 83' lang='lat' dir='ltr'>Romanis</span> <span class='ocrx_word' id='word_1_175' title='bbox 1020 2257 1127 2335; x_wconf 89' lang='lat' dir='ltr'>teneri,</span> 
     </span>
     <span class='ocr_line' id='line_1_23' title="bbox 102 2349 1127 2439; baseline -0.001 -23"><span class='ocrx_word' id='word_1_176' title='bbox 102 2349 288 2439; x_wconf 70' lang='lat' dir='ltr'>praemissis</span> <span class='ocrx_word' id='word_1_177' title='bbox 315 2351 470 2436; x_wconf 89' lang='lat' dir='ltr'>equitibus</span> <span class='ocrx_word' id='word_1_178' title='bbox 496 2374 611 2439; x_wconf 86' lang='lat' dir='ltr'>magno</span> <span class='ocrx_word' id='word_1_179' title='bbox 642 2372 796 2416; x_wconf 87' lang='lat' dir='ltr'>concursu</span> <span class='ocrx_word' id='word_1_180' title='bbox 826 2372 863 2415; x_wconf 89' lang='lat' dir='ltr'>eo</span> <span class='ocrx_word' id='word_1_181' title='bbox 894 2349 1127 2415; x_wconf 88' lang='lat' dir='ltr'>contenderunt.</span> 
     </span>
     <span class='ocr_line' id='line_1_24' title="bbox 102 2442 1130 2532; baseline -0.004 -20"><span class='ocrx_word' id='word_1_182' title='bbox 102 2465 217 2512; x_wconf 85' lang='lat' dir='ltr'>eorum</span> <span class='ocrx_word' id='word_1_183' title='bbox 232 2444 418 2530; x_wconf 88' lang='lat' dir='ltr'>utquisque</span> <span class='ocrx_word' id='word_1_184' title='bbox 439 2445 559 2532; x_wconf 91' lang='lat' dir='ltr'>primus</span> <span class='ocrx_word' id='word_1_185' title='bbox 581 2453 723 2523; x_wconf 91' lang='lat' dir='ltr'>venerat,</span> <span class='ocrx_word' id='word_1_186' title='bbox 750 2443 809 2510; x_wconf 92' lang='lat' dir='ltr'>sub</span> <span class='ocrx_word' id='word_1_187' title='bbox 832 2465 921 2509; x_wconf 91' lang='lat' dir='ltr'>muro</span> <span class='ocrx_word' id='word_1_188' title='bbox 938 2442 1130 2510; x_wconf 88' lang='lat' dir='ltr'>consistebat</span> 
     </span>
     <span class='ocr_line' id='line_1_25' title="bbox 101 2536 1129 2626; baseline -0.005 -19"><span class='ocrx_word' id='word_1_189' title='bbox 101 2558 298 2622; x_wconf 71' lang='lat' dir='ltr'>suorumque</span> <span class='ocrx_word' id='word_1_190' title='bbox 314 2540 521 2626; x_wconf 88' lang='lat' dir='ltr'>pugnantium</span> <span class='ocrx_word' id='word_1_191' title='bbox 538 2561 703 2604; x_wconf 90' lang='lat' dir='ltr'>numerum</span> <span class='ocrx_word' id='word_1_192' title='bbox 721 2536 866 2625; x_wconf 90' lang='lat' dir='ltr'>augebat.</span> <span class='ocrx_word' id='word_1_193' title='bbox 907 2559 1039 2624; x_wconf 90' lang='lat' dir='ltr'>quorum</span> <span class='ocrx_word' id='word_1_194' title='bbox 1057 2559 1129 2602; x_wconf 92' lang='lat' dir='ltr'>cum</span> 
     </span>
     <span class='ocr_line' id='line_1_26' title="bbox 102 2632 1129 2720; baseline 0 -23"><span class='ocrx_word' id='word_1_195' title='bbox 102 2655 225 2720; x_wconf 79' lang='lat' dir='ltr'>magna</span> <span class='ocrx_word' id='word_1_196' title='bbox 240 2632 406 2700; x_wconf 89' lang='lat' dir='ltr'>multitudo</span> <span class='ocrx_word' id='word_1_197' title='bbox 424 2635 632 2712; x_wconf 87' lang='lat' dir='ltr'>convenisset,</span> <span class='ocrx_word' id='word_1_198' title='bbox 652 2633 918 2713; x_wconf 87' lang='lat' dir='ltr'>matresfamiliae,</span> <span class='ocrx_word' id='word_1_199' title='bbox 937 2655 1018 2718; x_wconf 89' lang='lat' dir='ltr'>quae</span> <span class='ocrx_word' id='word_1_200' title='bbox 1036 2632 1129 2718; x_wconf 89' lang='lat' dir='ltr'>paulo</span> 
     </span>
     <span class='ocr_line' id='line_1_27' title="bbox 101 2725 1130 2807; baseline -0.002 -12"><span class='ocrx_word' id='word_1_201' title='bbox 101 2736 177 2795; x_wconf 75' lang='lat' dir='ltr'>ante</span> <span class='ocrx_word' id='word_1_202' title='bbox 195 2725 349 2793; x_wconf 86' lang='lat' dir='ltr'>Romanis</span> <span class='ocrx_word' id='word_1_203' title='bbox 371 2727 411 2793; x_wconf 94' lang='lat' dir='ltr'>de</span> <span class='ocrx_word' id='word_1_204' title='bbox 432 2751 521 2795; x_wconf 92' lang='lat' dir='ltr'>muro</span> <span class='ocrx_word' id='word_1_205' title='bbox 538 2751 650 2794; x_wconf 88' lang='lat' dir='ltr'>manus</span> <span class='ocrx_word' id='word_1_206' title='bbox 673 2727 856 2807; x_wconf 89' lang='lat' dir='ltr'>tendebant,</span> <span class='ocrx_word' id='word_1_207' title='bbox 885 2750 958 2794; x_wconf 92' lang='lat' dir='ltr'>suos</span> <span class='ocrx_word' id='word_1_208' title='bbox 981 2726 1130 2794; x_wconf 88' lang='lat' dir='ltr'>obtestari</span> 
     </span>
     <span class='ocr_line' id='line_1_28' title="bbox 101 2817 1131 2910; baseline -0.002 -21"><span class='ocrx_word' id='word_1_209' title='bbox 101 2831 135 2889; x_wconf 80' lang='lat' dir='ltr'>et</span> <span class='ocrx_word' id='word_1_210' title='bbox 153 2842 244 2887; x_wconf 87' lang='lat' dir='ltr'>more</span> <span class='ocrx_word' id='word_1_211' title='bbox 263 2817 385 2889; x_wconf 86' lang='lat' dir='ltr'>Gallico</span> <span class='ocrx_word' id='word_1_212' title='bbox 405 2845 536 2910; x_wconf 89' lang='lat' dir='ltr'>passum</span> <span class='ocrx_word' id='word_1_213' title='bbox 558 2824 704 2909; x_wconf 87' lang='lat' dir='ltr'>capillum</span> <span class='ocrx_word' id='word_1_214' title='bbox 727 2833 882 2890; x_wconf 87' lang='lat' dir='ltr'>ostentare</span> <span class='ocrx_word' id='word_1_215' title='bbox 902 2823 1080 2908; x_wconf 91' lang='lat' dir='ltr'>liberosque</span> <span class='ocrx_word' id='word_1_216' title='bbox 1097 2823 1131 2886; x_wconf 91' lang='lat' dir='ltr'>in</span> 
     </span>
     <span class='ocr_line' id='line_1_29' title="bbox 99 2915 1131 3003; baseline -0.001 -20"><span class='ocrx_word' id='word_1_217' title='bbox 99 2924 309 3003; x_wconf 86' lang='lat' dir='ltr'>conspectum</span> <span class='ocrx_word' id='word_1_218' title='bbox 330 2915 469 3002; x_wconf 85' lang='lat' dir='ltr'>proferre</span> <span class='ocrx_word' id='word_1_219' title='bbox 491 2926 669 3002; x_wconf 85' lang='lat' dir='ltr'>coeperunt</span> <span class='ocrx_word' id='word_1_220' title='bbox 713 2926 778 2982; x_wconf 88' lang='lat' dir='ltr'>erat</span> <span class='ocrx_word' id='word_1_221' title='bbox 800 2917 951 2985; x_wconf 83' lang='lat' dir='ltr'>Romanis</span> <span class='ocrx_word' id='word_1_222' title='bbox 977 2939 1036 2982; x_wconf 89' lang='lat' dir='ltr'>nec</span> <span class='ocrx_word' id='word_1_223' title='bbox 1061 2916 1131 2983; x_wconf 92' lang='lat' dir='ltr'>loco</span> 
     </span>
     <span class='ocr_line' id='line_1_30' title="bbox 99 3011 1130 3096; baseline -0.002 -19"><span class='ocrx_word' id='word_1_224' title='bbox 99 3031 165 3077; x_wconf 87' lang='lat' dir='ltr'>neo</span> <span class='ocrx_word' id='word_1_225' title='bbox 190 3031 322 3076; x_wconf 87' lang='lat' dir='ltr'>numero</span> <span class='ocrx_word' id='word_1_226' title='bbox 347 3032 448 3096; x_wconf 88' lang='lat' dir='ltr'>aequa</span> <span class='ocrx_word' id='word_1_227' title='bbox 474 3011 642 3077; x_wconf 83' lang='lat' dir='ltr'>contentio:</span> <span class='ocrx_word' id='word_1_228' title='bbox 675 3011 768 3077; x_wconf 91' lang='lat' dir='ltr'>simul</span> <span class='ocrx_word' id='word_1_229' title='bbox 794 3020 825 3076; x_wconf 90' lang='lat' dir='ltr'>et</span> <span class='ocrx_word' id='word_1_230' title='bbox 852 3033 946 3077; x_wconf 90' lang='lat' dir='ltr'>cursu</span> <span class='ocrx_word' id='word_1_231' title='bbox 972 3020 1003 3075; x_wconf 91' lang='lat' dir='ltr'>et</span> <span class='ocrx_word' id='word_1_232' title='bbox 1029 3011 1130 3096; x_wconf 89' lang='lat' dir='ltr'>spatio</span> 
     </span>
     <span class='ocr_line' id='line_1_31' title="bbox 98 3103 1131 3195; baseline -0.001 -26"><span class='ocrx_word' id='word_1_233' title='bbox 98 3126 234 3195; x_wconf 83' lang='lat' dir='ltr'>pugnae</span> <span class='ocrx_word' id='word_1_234' title='bbox 251 3103 413 3191; x_wconf 76' lang='lat' dir='ltr'>defatigati</span> <span class='ocrx_word' id='word_1_235' title='bbox 430 3128 493 3170; x_wconf 92' lang='lat' dir='ltr'>non</span> <span class='ocrx_word' id='word_1_236' title='bbox 510 3105 603 3171; x_wconf 90' lang='lat' dir='ltr'>facile</span> <span class='ocrx_word' id='word_1_237' title='bbox 620 3115 760 3172; x_wconf 89' lang='lat' dir='ltr'>recentes</span> <span class='ocrx_word' id='word_1_238' title='bbox 778 3114 871 3190; x_wconf 90' lang='lat' dir='ltr'>atque</span> <span class='ocrx_word' id='word_1_239' title='bbox 884 3105 1022 3191; x_wconf 88' lang='lat' dir='ltr'>integros</span> <span class='ocrx_word' id='word_1_240' title='bbox 1037 3103 1131 3168; x_wconf 90' lang='lat' dir='ltr'>susti·</span> 
     </span>
     <span class='ocr_line' id='line_1_32' title="bbox 98 3198 1180 3286; baseline -0.001 -17"><span class='ocrx_word' id='word_1_241' title='bbox 98 3198 234 3269; x_wconf 82' lang='lat' dir='ltr'>nebant</span> <span class='ocrx_word' id='word_1_242' title='bbox 261 3198 389 3278; x_wconf 83' lang='lat' dir='ltr'>Caesar,</span> <span class='ocrx_word' id='word_1_243' title='bbox 408 3221 481 3265; x_wconf 92' lang='lat' dir='ltr'>cum</span> <span class='ocrx_word' id='word_1_244' title='bbox 497 3199 604 3284; x_wconf 91' lang='lat' dir='ltr'>iniquo</span> <span class='ocrx_word' id='word_1_245' title='bbox 622 3200 692 3266; x_wconf 90' lang='lat' dir='ltr'>loco</span> <span class='ocrx_word' id='word_1_246' title='bbox 709 3200 843 3286; x_wconf 82' lang='lat' dir='ltr'>pugnari</span> <span class='ocrx_word' id='word_1_247' title='bbox 859 3198 1057 3282; x_wconf 90' lang='lat' dir='ltr'>hostiumque</span> <span class='ocrx_word' id='word_1_248' title='bbox 1076 3220 1131 3262; x_wconf 93' lang='lat' dir='ltr'>au·</span> <span class='ocrx_word' id='word_1_249' title='bbox 1148 3219 1180 3268; x_wconf 85' lang='grc'>49</span> 
     </span>
     <span class='ocr_line' id='line_1_33' title="bbox 99 3289 1129 3385; baseline -0.005 -24"><span class='ocrx_word' id='word_1_250' title='bbox 99 3294 173 3385; x_wconf 82' lang='lat' dir='ltr'>geri</span> <span class='ocrx_word' id='word_1_251' title='bbox 191 3293 298 3381; x_wconf 87' lang='lat' dir='ltr'>copias</span> <span class='ocrx_word' id='word_1_252' title='bbox 316 3294 451 3373; x_wconf 90' lang='lat' dir='ltr'>videret,</span> <span class='ocrx_word' id='word_1_253' title='bbox 473 3305 692 3380; x_wconf 88' lang='lat' dir='ltr'>praemetuens</span> <span class='ocrx_word' id='word_1_254' title='bbox 711 3294 775 3361; x_wconf 90' lang='lat' dir='ltr'>suis</span> <span class='ocrx_word' id='word_1_255' title='bbox 799 3292 840 3357; x_wconf 93' lang='lat' dir='ltr'>ad</span> <span class='ocrx_word' id='word_1_256' title='bbox 858 3291 965 3356; x_wconf 81' lang='lat' dir='ltr'>Titum</span> <span class='ocrx_word' id='word_1_257' title='bbox 985 3289 1129 3357; x_wconf 87' lang='lat' dir='ltr'>Sextium</span> 
     </span>
     <span class='ocr_line' id='line_1_34' title="bbox 98 3386 1131 3478; baseline -0.007 -21"><span class='ocrx_word' id='word_1_258' title='bbox 98 3390 256 3478; x_wconf 87' lang='lat' dir='ltr'>legatum,</span> <span class='ocrx_word' id='word_1_259' title='bbox 274 3410 369 3473; x_wconf 91' lang='lat' dir='ltr'>quem</span> <span class='ocrx_word' id='word_1_260' title='bbox 386 3389 558 3456; x_wconf 86' lang='lat' dir='ltr'>minoribus</span> <span class='ocrx_word' id='word_1_261' title='bbox 576 3391 686 3457; x_wconf 86' lang='lat' dir='ltr'>castris</span> <span class='ocrx_word' id='word_1_262' title='bbox 704 3386 861 3474; x_wconf 85' lang='lat' dir='ltr'>praesidio</span> <span class='ocrx_word' id='word_1_263' title='bbox 877 3386 1054 3471; x_wconf 88' lang='lat' dir='ltr'>reliquerat,</span> <span class='ocrx_word' id='word_1_264' title='bbox 1072 3387 1131 3450; x_wconf 90' lang='lat' dir='ltr'>mi·</span> 
     </span>
     <span class='ocr_line' id='line_1_35' title="bbox 100 3480 1131 3564; baseline -0.007 -11"><span class='ocrx_word' id='word_1_265' title='bbox 100 3484 162 3564; x_wconf 74' lang='lat' dir='ltr'>sit,</span> <span class='ocrx_word' id='word_1_266' title='bbox 179 3492 217 3548; x_wconf 88' lang='lat' dir='ltr'>ut</span> <span class='ocrx_word' id='word_1_267' title='bbox 233 3481 376 3550; x_wconf 88' lang='lat' dir='ltr'>cohortes</span> <span class='ocrx_word' id='word_1_268' title='bbox 393 3507 435 3549; x_wconf 89' lang='lat' dir='ltr'>ex</span> <span class='ocrx_word' id='word_1_269' title='bbox 451 3484 561 3550; x_wconf 86' lang='lat' dir='ltr'>castris</span> <span class='ocrx_word' id='word_1_270' title='bbox 579 3485 718 3550; x_wconf 89' lang='lat' dir='ltr'>celeriter</span> <span class='ocrx_word' id='word_1_271' title='bbox 735 3483 881 3547; x_wconf 85' lang='lat' dir='ltr'>educeret</span> <span class='ocrx_word' id='word_1_272' title='bbox 898 3490 929 3546; x_wconf 91' lang='lat' dir='ltr'>et</span> <span class='ocrx_word' id='word_1_273' title='bbox 947 3480 1006 3547; x_wconf 90' lang='lat' dir='ltr'>sub</span> <span class='ocrx_word' id='word_1_274' title='bbox 1023 3481 1131 3546; x_wconf 90' lang='lat' dir='ltr'>infimo</span> 
     </span>
     <span class='ocr_line' id='line_1_36' title="bbox 100 3575 1130 3656; baseline -0.007 -7"><span class='ocrx_word' id='word_1_275' title='bbox 100 3577 187 3649; x_wconf 81' lang='lat' dir='ltr'>colle</span> <span class='ocrx_word' id='word_1_276' title='bbox 204 3575 246 3643; x_wconf 90' lang='lat' dir='ltr'>ab</span> <span class='ocrx_word' id='word_1_277' title='bbox 264 3577 373 3645; x_wconf 90' lang='lat' dir='ltr'>dextro</span> <span class='ocrx_word' id='word_1_278' title='bbox 390 3578 486 3644; x_wconf 90' lang='lat' dir='ltr'>latere</span> <span class='ocrx_word' id='word_1_279' title='bbox 501 3579 641 3644; x_wconf 86' lang='lat' dir='ltr'>hostium</span> <span class='ocrx_word' id='word_1_280' title='bbox 659 3577 872 3655; x_wconf 88' lang='lat' dir='ltr'>constitueret,</span> <span class='ocrx_word' id='word_1_281' title='bbox 891 3585 938 3656; x_wconf 89' lang='lat' dir='ltr'>ut,</span> <span class='ocrx_word' id='word_1_282' title='bbox 962 3576 990 3643; x_wconf 92' lang='lat' dir='ltr'>si</span> <span class='ocrx_word' id='word_1_283' title='bbox 1006 3585 1130 3642; x_wconf 88' lang='lat' dir='ltr'>nostros</span> 
     </span>
     <span class='ocr_line' id='line_1_37' title="bbox 100 3670 1131 3758; baseline -0.005 -17"><span class='ocrx_word' id='word_1_284' title='bbox 100 3672 176 3741; x_wconf 90' lang='lat' dir='ltr'>loco</span> <span class='ocrx_word' id='word_1_285' title='bbox 194 3670 342 3757; x_wconf 91' lang='lat' dir='ltr'>depulsos</span> <span class='ocrx_word' id='word_1_286' title='bbox 361 3672 504 3751; x_wconf 86' lang='lat' dir='ltr'>vidisset,</span> <span class='ocrx_word' id='word_1_287' title='bbox 529 3695 592 3758; x_wconf 93' lang='lat' dir='ltr'>quo</span> <span class='ocrx_word' id='word_1_288' title='bbox 613 3673 717 3737; x_wconf 90' lang='lat' dir='ltr'>minus</span> <span class='ocrx_word' id='word_1_289' title='bbox 739 3670 837 3737; x_wconf 90' lang='lat' dir='ltr'>libere</span> <span class='ocrx_word' id='word_1_290' title='bbox 858 3671 964 3737; x_wconf 91' lang='lat' dir='ltr'>hostes</span> <span class='ocrx_word' id='word_1_291' title='bbox 986 3671 1131 3755; x_wconf 88' lang='lat' dir='ltr'>inseque-</span> 
     </span>
     <span class='ocr_line' id='line_1_38' title="bbox 98 3764 1130 3854; baseline -0.006 -19"><span class='ocrx_word' id='word_1_292' title='bbox 98 3775 227 3845; x_wconf 85' lang='lat' dir='ltr'>rentur,</span> <span class='ocrx_word' id='word_1_293' title='bbox 254 3775 391 3832; x_wconf 88' lang='lat' dir='ltr'>terreret.</span> <span class='ocrx_word' id='word_1_294' title='bbox 439 3768 508 3853; x_wconf 85' lang='lat' dir='ltr'>ipse</span> <span class='ocrx_word' id='word_1_295' title='bbox 529 3767 659 3854; x_wconf 92' lang='lat' dir='ltr'>paulum</span> <span class='ocrx_word' id='word_1_296' title='bbox 685 3789 725 3832; x_wconf 87' lang='lat' dir='ltr'>ex</span> <span class='ocrx_word' id='word_1_297' title='bbox 751 3788 788 3832; x_wconf 91' lang='lat' dir='ltr'>eo</span> <span class='ocrx_word' id='word_1_298' title='bbox 813 3765 882 3832; x_wconf 92' lang='lat' dir='ltr'>loco</span> <span class='ocrx_word' id='word_1_299' title='bbox 910 3788 982 3831; x_wconf 93' lang='lat' dir='ltr'>cum</span> <span class='ocrx_word' id='word_1_300' title='bbox 1006 3764 1130 3851; x_wconf 87' lang='lat' dir='ltr'>legione</span> 
     </span>
     <span class='ocr_line' id='line_1_39' title="bbox 99 3858 1129 3952; baseline -0.002 -25"><span class='ocrx_word' id='word_1_301' title='bbox 99 3882 307 3952; x_wconf 85' lang='lat' dir='ltr'>progressus,</span> <span class='ocrx_word' id='word_1_302' title='bbox 326 3860 382 3927; x_wconf 93' lang='lat' dir='ltr'>ubi</span> <span class='ocrx_word' id='word_1_303' title='bbox 398 3863 592 3942; x_wconf 89' lang='lat' dir='ltr'>constiterat,</span> <span class='ocrx_word' id='word_1_304' title='bbox 611 3873 757 3929; x_wconf 87' lang='lat' dir='ltr'>eventum</span> <span class='ocrx_word' id='word_1_305' title='bbox 774 3883 900 3950; x_wconf 86' lang='lat' dir='ltr'>pugnae</span> <span class='ocrx_word' id='word_1_306' title='bbox 917 3858 1129 3947; x_wconf 86' lang='lat' dir='ltr'>exspectabat.</span> 
     </span>
     <span class='ocr_line' id='line_1_40' title="bbox 100 3955 1180 4047; baseline 0.004 -24"><span class='ocrx_word' id='word_1_307' title='bbox 100 3978 180 4023; x_wconf 89' lang='lat' dir='ltr'>cum</span> <span class='ocrx_word' id='word_1_308' title='bbox 201 3955 350 4023; x_wconf 87' lang='lat' dir='ltr'>acerrime</span> <span class='ocrx_word' id='word_1_309' title='bbox 372 3959 547 4025; x_wconf 86' lang='lat' dir='ltr'>comminus</span> <span class='ocrx_word' id='word_1_310' title='bbox 567 3968 773 4047; x_wconf 89' lang='lat' dir='ltr'>pugnaretur,</span> <span class='ocrx_word' id='word_1_311' title='bbox 800 3956 907 4022; x_wconf 86' lang='lat' dir='ltr'>hostes</span> <span class='ocrx_word' id='word_1_312' title='bbox 927 3955 997 4022; x_wconf 90' lang='lat' dir='ltr'>lcoo</span> <span class='ocrx_word' id='word_1_313' title='bbox 1020 3965 1051 4023; x_wconf 91' lang='lat' dir='ltr'>et</span> <span class='ocrx_word' id='word_1_314' title='bbox 1071 3979 1130 4022; x_wconf 91' lang='lat' dir='ltr'>nu·</span> <span class='ocrx_word' id='word_1_315' title='bbox 1148 3977 1180 4026; x_wconf 72' lang='grc' dir='ltr'>ιο</span> 
     </span>
    </p>

    <p class='ocr_par' dir='ltr' id='par_1_8' title="bbox 55 4050 1144 4136">
     <span class='ocr_line' id='line_1_41' title="bbox 55 4050 1144 4136; baseline -0.001 -21"><span class='ocrx_word' id='word_1_316' title='bbox 55 4086 68 4123; x_wconf 88' lang='grc'>;;</span> <span class='ocrx_word' id='word_1_317' title='bbox 99 4072 208 4130; x_wconf 85' lang='lat' dir='ltr'>mero,</span> <span class='ocrx_word' id='word_1_318' title='bbox 229 4050 330 4117; x_wconf 89' lang='lat' dir='ltr'>nostri</span> <span class='ocrx_word' id='word_1_319' title='bbox 346 4051 459 4121; x_wconf 88' lang='lat' dir='ltr'>virtute</span> <span class='ocrx_word' id='word_1_320' title='bbox 477 4053 682 4136; x_wconf 87' lang='lat' dir='ltr'>confiderent,</span> <span class='ocrx_word' id='word_1_321' title='bbox 705 4052 809 4122; x_wconf 88' lang='lat' dir='ltr'>subito</span> <span class='ocrx_word' id='word_1_322' title='bbox 832 4050 1060 4121; x_wconf 69' lang='lat' dir='ltr'>suntliuedrix</span> <span class='ocrx_word' id='word_1_323' title='bbox 1072 4051 1144 4116; x_wconf 69' lang='lat' dir='ltr'>ris&#39;x</span> 
     </span>
    </p>
   </div>
   <div class='ocr_carea' id='block_1_3' title="bbox 0 0 1268 4336">
    <p class='ocr_par' dir='ltr' id='par_1_9' title="bbox 0 0 1268 4336">
     <span class='ocr_line' id='line_1_42' title="bbox 0 0 1268 4336; baseline 0 0"><span class='ocrx_word' id='word_1_324' title='bbox 0 0 1268 4336; x_wconf 95' lang='lat' dir='ltr'> </span> 
     </span>
    </p>
   </div>
  </div>
 </body>
</html>
