2528 4336
154 187 199 260 62
469 197 525 258 ΒΕ
541 197 670 258 nmio
689 197 858 259 GALHOO

154 326 288 394 duorum
312 326 394 395 inter
419 346 454 393 se
480 323 640 413 iungebat
688 323 767 392 haec
793 345 867 392 oum
895 324 1167 395 machinationibus

153 421 295 490 immissa
318 421 352 487 in
381 421 499 488 flumen
524 420 675 487 defixerat
703 419 886 506 fistucisque
916 420 1081 509 adegerat,
1112 443 1167 489 non

154 516 292 584 sublicae
313 517 408 584 modo
434 516 551 583 directe
572 515 614 582 ad
639 514 910 603 perpendiculum,
938 516 996 583 sed
1015 539 1113 605 prone
1135 537 1166 584 ao

152 611 315 700 fastigato,
341 619 377 676 ut
398 609 573 678 secundum
594 620 738 677 naturam
759 609 897 676 fluminis
924 611 1165 700 procumberent,

152 705 202 773 bis
224 706 301 772 item
321 705 476 772 caumana
497 706 560 771 duo
586 705 628 771 ad
650 704 785 771 eundem
805 705 936 772 modum
954 706 1063 774 iuncta
1083 709 1166 774 inter·

152 799 236 868 vallo
257 800 374 887 pedum
396 800 633 887 quadragenum
654 798 695 866 ab
716 798 862 866 inferiore
878 809 968 888 parte
989 811 1097 869 eontra
1111 801 1166 868 vin

152 905 246 982 atque
266 894 419 981 impetum
441 894 577 960 fluminis
604 915 755 962 conversa
782 893 949 962 statuebat
992 895 1072 963 haec
1091 905 1166 963 utra·

151 1011 214 1076 que
233 990 362 1076 insuper
382 987 579 1075 bipedalibus
597 988 737 1056 trabibus
759 989 924 1070 immissis,
950 1000 1102 1076 quantum
1122 1013 1166 1059 eo-

151 1107 221 1150 rum
238 1083 396 1171 tignorum
412 1083 556 1150 iunctura
573 1082 722 1163 distabat,
741 1083 823 1151 binis
840 1084 997 1171 utrimque
1012 1085 1117 1153 fibulis
1133 1083 1166 1152 ab

152 1188 291 1246 anema
315 1187 404 1265 parte
430 1177 672 1259 distinebantur;
706 1178 821 1264 quibus
848 1178 994 1246 disclusis
1024 1179 1166 1266 atquein

152 1273 338 1339 normaniam
362 1282 483 1359 partem
508 1272 655 1339 revinctis
682 1281 768 1338 tanta
794 1281 860 1339 enat
886 1274 989 1362 operis
1019 1272 1166 1340 firmitudo

150 1377 246 1455 atque
263 1390 301 1435 ea
317 1391 421 1434 rerum
438 1376 563 1447 natura,
590 1376 638 1445 ut,
665 1388 728 1453 quo
746 1368 845 1434 maior
862 1369 911 1435 vis
929 1390 1030 1454 aquae
1048 1391 1083 1435 se
1098 1366 1166 1434 inci·

150 1463 294 1542 tavisset,
320 1462 381 1528 hoo
398 1462 495 1528 artius
512 1461 634 1549 illigata
650 1470 836 1528 tenerentur.
880 1462 959 1530 haec
976 1462 1094 1529 &ecta
1108 1483 1166 1528 ma·

150 1558 229 1624 teria
252 1556 367 1624 iniecta
387 1554 634 1623 contexebantur
655 1566 687 1622 et
707 1554 858 1645 longuriis
881 1556 1082 1644 cratibusque
1102 1578 1166 1623 con·

151 1650 381 1730 sternebantur3
408 1673 445 1716 ac
470 1649 568 1716 nihilo
592 1651 694 1717 secius
716 1651 856 1718 sublicae
878 1662 909 1717 et
930 1651 972 1717 ad
997 1651 1165 1720 inferiorem

149 1754 272 1833 partem
288 1745 424 1812 fluminis
442 1744 569 1831 oblique
591 1744 779 1832 agebantur,
805 1767 887 1831 quae
908 1767 965 1833 pro
988 1745 1084 1812 ariete
1100 1743 1165 1812 sub-

149 1841 248 1907 iectae
271 1850 302 1906 et
322 1861 395 1905 eum
417 1840 503 1905 omni
525 1861 619 1928 opere
640 1841 824 1906 coniunctae
845 1840 910 1906 vim
932 1840 1070 1906 fluminis
1092 1836 1165 1905 exci-

149 1945 268 2024 perent,
287 1944 318 2001 et
335 1934 415 2001 aliae
431 1935 509 2001 item
526 1957 621 2023 supra
637 1946 765 2022 pontem
782 1935 931 2002 mediocri
950 1936 1066 2023 spatio,
1084 1946 1127 2014 ut,
1141 1930 1165 1997 si

150 2030 297 2098 arborum
313 2031 416 2097 munci
434 2031 501 2098 sive
523 2053 620 2098 naves
638 2031 792 2098 deiciendi
814 2031 917 2119 operis
940 2041 1047 2098 essent
1068 2029 1165 2098 abar·

149 2125 233 2194 baris
250 2126 381 2206 missae,
404 2126 453 2192 his
472 2125 690 2194 defensoribus
709 2149 816 2193 earum
833 2148 937 2194 rerum
953 2126 1003 2192 vis
1020 2126 1165 2192 minuere-

100 2239 132 2292 1⁸
150 2231 213 2301 tur,
239 2244 302 2289 neu
318 2221 407 2309 ponti
423 2231 579 2289 nocerent.
624 2220 736 2288 diebus
758 2221 882 2300 decem,
909 2220 1024 2307 quibus
1045 2217 1165 2287 materia

148 2326 260 2403 coepta
276 2326 343 2383 erat
360 2316 559 2404 comportari,
587 2316 672 2383 omni
689 2337 783 2402 opere
805 2315 917 2382 effecto
939 2315 1094 2382 exercitus
1111 2322 1165 2378 tra·

148 2411 280 2478 ducitur.
326 2408 446 2478 ansar
468 2410 509 2476 ad
529 2419 833 2498 utramquepartem
850 2409 954 2498 pontis
976 2410 1067 2476 lirmo
1083 2404 1164 2498 prae-

148 2505 228 2572 sidio
245 2505 353 2572 relicto
375 2506 408 2570 in
428 2504 508 2570 fines
528 2502 779 2592 Sugambrorum
800 2504 970 2572 contendit
1014 2505 1165 2572 morino

148 2598 360 2685 compluribus
387 2597 566 2664 civitatibus
592 2598 733 2665 adeum
763 2599 859 2687 legati
885 2600 1028 2678 veniunt3
1059 2597 1164 2686 quibus

147 2715 258 2780 pacem
283 2703 377 2777 atque
408 2692 576 2758 amicitiam
606 2691 784 2779 petentibus
815 2692 984 2760 liberaliter
1013 2687 1164 2781 respondit

148 2788 337 2872 obsidesque
364 2787 405 2852 ad
431 2808 466 2853 se
491 2785 606 2852 adduci
627 2786 722 2854 iubet
769 2785 941 2875 Sugambri
966 2809 1006 2854 ex
1031 2809 1070 2853 eo
1096 2797 1163 2852 sen-

146 2905 236 2971 pore,
259 2904 322 2967 quo
339 2904 419 2969 pons
437 2881 559 2946 institui
576 2890 705 2968 coeptus
724 2892 786 2962 est,
809 2882 888 2970 fuga
904 2891 1085 2968 comparata
1102 2881 1164 2946 hor·

147 2975 284 3044 tandbus
302 2976 356 3056 iis,
382 2998 461 3062 quos
480 2999 520 3043 ex
538 2977 701 3042 Tencteris
719 2987 812 3063 atque
829 2975 1019 3064 Usipetibus
1037 2976 1121 3063 apud
1135 2993 1162 3040 se

146 3070 317 3151 habebant,
344 3070 459 3138 finibus
483 3071 548 3137 suis
572 3081 771 3137 excesserant
793 3092 912 3156 suaque
935 3071 1041 3137 omnia
1063 3090 1164 3159 expor-

97 3190 127 3242 19
146 3177 296 3247 taverant,
316 3188 412 3254 seque
430 3166 464 3232 in
482 3165 681 3233 solitudinem
698 3188 736 3232 ac
753 3166 849 3232 silvas
867 3164 1060 3233 abdiderant
1093 3165 1163 3234 Cae·

146 3287 197 3330 sar
213 3284 332 3351 paucos
355 3261 475 3328 diesin
496 3282 604 3326 eorum
626 3259 742 3326 linibus
764 3269 903 3326 moratus
926 3260 1073 3327 omnibus
1095 3257 1163 3326 vicis

145 3358 357 3443 aedificiisque
379 3355 516 3422 incensis
542 3355 771 3440 frumentisque
798 3353 944 3434 succisis,
972 3377 1007 3420 se
1033 3355 1068 3420 in
1093 3354 1163 3420 fines

148 3452 304 3518 Ubiorum
328 3450 447 3538 recepit
472 3459 566 3536 atque
587 3450 626 3515 iis
652 3450 804 3515 auxilium
826 3471 919 3516 suum
944 3449 1118 3536 pollicitus,
1143 3443 1164 3512 si

146 3545 186 3613 ab
214 3542 329 3612 Suebis
354 3554 581 3632 premerentur,
607 3543 686 3609 haec
711 3543 752 3610 ab
776 3544 816 3612 iis
843 3543 1003 3631 cognovit:
1038 3541 1163 3619 Suebos,

145 3652 350 3730 posteaquam
376 3665 433 3730 per
459 3639 672 3727 exploratores
693 3651 822 3727 pontem
847 3640 915 3705 fieri
936 3639 1163 3727 comperissent

144 3758 231 3804 more
258 3759 316 3803 suo
338 3736 469 3803 concilio
492 3734 599 3802 habito
620 3735 746 3801 nuntios
768 3736 802 3800 in
823 3755 932 3800 omnes
954 3744 1060 3822 partes
1083 3731 1163 3801 dimi

146 3832 239 3912 sisse,
257 3833 304 3899 uti
320 3833 360 3898 de
378 3831 501 3919 oppidis
520 3831 743 3918 demigrarent,
765 3828 897 3909 liberos,
918 3851 1034 3897 uxores
1053 3848 1163 3917 suaque

146 3927 251 3993 omnia
266 3928 301 3993 in
317 3928 414 3996 silvas
432 3926 637 4013 deponerent,
655 3935 749 4013 atque
766 3947 891 4007 omnes,
913 3925 968 4012 qui
985 3949 1075 3993 arma
1091 3925 1163 3995 ferr

139 4031 283 4108 possent,
302 4044 401 4089 unum
416 4021 572 4090 inlocum
589 4022 805 4091 convenirents
825 4020 910 4090 huno
927 4042 999 4090 esse
1015 4020 1163 4093 delectnu
