2414 4336
252 666 287 728 (l.
308 665 429 728 IULII
456 663 676 726 CAESARIS
721 601 725 610 ‘

85 818 182 901 Du
231 815 467 898 annno
516 814 837 898 ainrico

218 978 514 1032 COMMENTARIUS
534 979 722 1042 QUARTUS.

362 1147 571 1190 acaunum.

10 1254 23 1277 .
41 1219 166 1290 Urr‘petcs
174 1227 197 1273 ct
209 1217 328 1273 Tencteri
339 1216 492 1272 Germania
500 1213 604 1271 Suebis
613 1214 746 1271 vexatiin
755 1213 880 1272 Galliam
888 1221 980 1271 trans·

10 1298 37 1367 i,
56 1294 210 1366 Menapios
225 1295 389 1366 opprimunt
402 1310 425 1348 c.
440 1291 517 1346 1-4.
557 1292 663 1349 bellum
678 1297 777 1346 contra
791 1292 949 1348 Germanos
962 1310 981 1348 a

10 1380 80 1439 me
90 1378 261 1443 susceptum.
278 1389 373 1428 eorum
384 1370 490 1442 legatio
501 1387 524 1425 c.
535 1368 611 1425 5-9.
629 1370 728 1426 Mosae
738 1370 864 1426 etRheni
873 1370 978 1426 descri-

10 1442 50 1519 {a
59 1450 104 1504 10.
139 1451 219 1521 gravi
229 1450 310 1504 clads
320 1447 484 1504 afficiuntur
494 1453 523 1502 at
531 1453 610 1503 mans
619 1446 980 1519 RhenumatlSugambros

10 1525 142 1661 {cipiunt
151 1525 285 1582 Germani
298 1543 322 1581 c.
330 1524 441 1579 11-15.
477 1525 515 1580 IL
535 1525 656 1580 Caesaris
668 1526 696 1579 in
707 1525 877 1580 Germaniam
886 1525 980 1579 transi·

25 1604 156 1660 ·16-19.
190 1604 244 1660 ΠΙ.
261 1605 369 1659 Bellum
377 1604 568 1658 Britannicum.
599 1603 731 1659 litoribus
740 1602 905 1658 Britanniae
918 1601 978 1658 ac.

10 1682 104 1739 hano
129 1680 282 1752 exploratis
300 1686 399 1737 coacta
421 1682 546 1737 classes
565 1681 684 1737 Morinis
700 1680 730 1735 in
747 1680 870 1736 insulam
887 1678 983 1735 traicit

63 1797 71 1812 .
89 1758 380 1830 fugaBritannorum3
395 1758 505 1813 deditio
515 1758 654 1813 cio-27.
673 1758 766 1814 classa
774 1757 905 1813 Romana
913 1762 982 1812 tom·

40 1840 69 1891 ta
83 1835 193 1892 afflicta
207 1837 356 1891 coniurant
364 1835 508 1905 Britanni3
527 1835 630 1907 quibus
640 1835 722 1890 victis
737 1835 885 1891 obsidibus
895 1834 983 1905 impe·

40 1911 71 1966 in
82 1912 204 1968 Galliam
218 1913 292 1969 redit
306 1910 412 1968 Caesar
425 1929 449 1967 c.
459 1912 570 1967 28-36.
604 1912 654 1970 IV.
671 1913 779 1968 Bellum
791 1913 820 1967 irc
833 1912 947 1966 Morinis
960 1919 983 1965 ct

23 1996 27 2001 '
62 1992 78 2004 ''
98 1990 242 2046 cat-38.
277 1991 350 2046 haec
359 1995 443 2062 gesta
452 1995 552 2044 sunta.
561 2007 589 2044 u.
600 2007 624 2045 c.
633 1989 693 2061 699,
708 2007 734 2046 a.
745 1987 809 2045 chr.
819 1988 862 2044 55.

10 2246 82 2329 tsila,
100 2270 182 2334 quac
201 2259 308 2316 secuta
321 2259 378 2329 est,
396 2249 509 2329 hieme,
527 2249 583 2333 qui
595 2246 655 2313 fuit
668 2269 768 2312 annus
783 2245 875 2313 Gneo
888 2245 984 2312 Pom·
1002 2266 1016 2314 1

31 2342 169 2422 ,Marco
183 2342 301 2411 Crasso
319 2344 510 2422 consulibus,
528 2342 678 2430 Usipetes
689 2339 844 2408 Germani
861 2351 892 2406 et
908 2342 984 2406 item

30 2439 106 2505 cteri
127 2461 244 2524 magna
265 2460 338 2505 cum
359 2438 556 2504 multitudine
579 2437 741 2503 hominum
762 2436 879 2501 fiumen
900 2435 985 2500 Rhe-

10 2516 255 2610 iuuandarum,
282 2555 345 2599 non
366 2532 459 2620 longe
481 2557 501 2599 a
522 2532 613 2611 mari,
640 2553 703 2617 quo
720 2531 851 2596 Rhenus
873 2529 983 2594 influit.

10 2642 52 2695 [aa
74 2627 259 2693 transeundi
279 2627 352 2706 suit,
380 2628 465 2713 quod
486 2626 526 2693 ab
550 2625 666 2694 Suebis
688 2626 862 2713 complures
885 2647 983 2691 annos

10 2722 110 2810 gitati
127 2719 210 2787 bello
231 2721 451 2807 premebantur
472 2731 503 2787 et
519 2721 709 2809 agricultura
731 2719 984 2807 prohibebantur.

10 2815 142 2883 eborum
162 2837 241 2903 gens
263 2825 312 2882 cst
333 2815 426 2904 longe
444 2817 582 2882 maxima
602 2825 633 2880 et
650 2814 888 2882 bellicosissima
905 2812 986 2880 Ger·

10 2930 127 2978 uorum
144 2910 293 2976 omnium.
329 2910 362 2976 hi
379 2920 506 2977 centum
522 2932 622 2998 pagos
639 2909 755 2976 habere
772 2909 926 2988 dicuntur,
944 2930 985 2974 ex

10 3003 77 3073 bus
95 3005 262 3090 quotannis
281 3004 406 3094 singula
422 3005 508 3071 milia
524 3015 714 3071 armatorum
735 3003 872 3070 bellandi
890 3025 985 3069 causa

10 3097 136 3165 tinibus
154 3099 299 3165 educunt
342 3099 466 3184 reliqui,
490 3099 545 3184 qui
562 3100 647 3165 domi
667 3107 861 3176 manserunt,
885 3119 919 3162 se
939 3105 987 3162 at-

10 3221 16 3260 t
43 3193 121 3259 illos
141 3193 238 3259 alunt
282 3194 315 3258 hi
335 3218 443 3261 rursus
464 3194 498 3259 in
518 3195 620 3261 vicem
641 3216 723 3260 anno
744 3201 817 3280 post
837 3192 871 3257 in
891 3190 986 3256 armis

10 3299 41 3368 rt,
61 3287 110 3353 illi
127 3288 213 3354 domi
229 3299 399 3355 remanent
443 3290 490 3356 sic
506 3311 608 3374 neque
626 3287 815 3376 agricultura
831 3307 890 3351 nec
906 3285 985 3350 ratio

10 3405 56 3469 ue
75 3405 153 3449 usus
170 3382 245 3449 balli
261 3384 482 3450 intermittitur.
514 3385 571 3450 sed
587 3383 700 3470 privati
716 3403 754 3447 ac
771 3380 904 3467 separati
917 3379 985 3466 agri

10 3478 47 3542 td
65 3499 121 3543 eos
142 3476 220 3542 nihil
241 3487 302 3556 est,
329 3499 431 3563 neque
451 3478 576 3565 longius
594 3499 676 3542 anno
696 3496 857 3540 remanere
873 3497 936 3540 uno
953 3474 986 3538 in

10 3593 32 3637 o
48 3570 206 3636 incolendi
222 3593 319 3637 causa
334 3571 437 3651 licet.
460 3593 562 3657 neque
584 3570 716 3635 multum
737 3569 907 3648 frumento,
930 3567 987 3634 sed

10 3664 134 3730 nimam
155 3674 276 3752 partem
296 3665 377 3731 lactc
399 3675 493 3751 atque
518 3687 630 3753 pecore
656 3663 767 3729 vivunt
791 3663 986 3745 multumque

10 3767 38 3823 nt
53 3759 88 3824 in
104 3758 322 3826 venationibus
327 3784 337 3838 ;
359 3780 440 3844 quaa
456 3782 507 3826 res
525 3768 557 3825 et
573 3757 636 3825 cibi
651 3779 767 3846 genere
785 3767 816 3823 et
833 3755 988 3823 cotidiana

10 3852 186 3920 acitatione
203 3863 235 3920 et
251 3853 393 3920 libertate
409 3853 507 3934 vitae,
530 3876 602 3920 cum
619 3877 639 3919 a
655 3853 761 3940 pueris
779 3851 864 3918 nullo
881 3849 986 3916 officio

10 3957 22 4011 t
39 3949 205 4037 disciplina
226 3949 395 4022 assuefacti
420 3949 498 4015 nihil
519 3950 646 4016 omnino
667 3959 776 4017 contra
796 3947 988 4014 voluntatem

10 4042 85 4120 iant,
105 4053 138 4108 ct
154 4043 240 4111 vires·
250 4044 308 4111 alit
323 4055 358 4112 et
374 4045 508 4115 inmani
524 4070 699 4140 corporum
708 4041 1011 4137 magnummo-
