2414 4336
159 189 200 256 86
298 189 300 193 ’
472 201 525 256 DE
542 199 671 259 Buuuo
689 198 857 262 umuco

157 324 297 395 tribunos
323 324 456 391 militum
481 326 598 392 circum
623 348 659 393 se
684 323 821 394 habebut
846 335 879 393 et
906 326 1063 414 primorun

156 444 232 487 num
251 420 446 487 centuriones
464 441 499 486 se
517 421 607 505 sequi
623 420 710 487 iubet
727 431 767 500 ct,
786 441 859 487 cum
876 421 1012 508 propius
1027 421 1063 489 At

156 539 230 604 gem
257 515 457 593 accessisset,
484 517 591 581 iussus
618 538 705 580 arma
730 514 868 595 abicere,
896 517 1063 603 imperatm

157 611 296 695 suisque,
314 619 349 675 ut
365 609 450 675 idem
467 608 593 689 faciant,
611 609 754 696 imperat.
797 611 940 688 interim,
961 611 1036 677 dum
1051 613 1063 677 ε’

156 704 331 771 dicionibus
348 705 429 769 inter
446 725 481 768 se
499 712 597 790 agunt
617 702 803 791 longiorque
826 705 975 771 consulto
997 705 1036 771 ab
1051 725 1063 772 r

154 800 222 887 rige
239 797 412 864 instituitur
429 819 546 876 sermo,
569 797 721 884 paulatim
737 800 974 865 circumventus
997 801 1063 866 iuter

155 903 223 959 tum
239 915 314 959 vero
333 914 391 958 suo
408 915 495 958 more
512 893 676 958 victoriam
698 893 896 960 conclamant
913 906 1013 980 atque
1033 895 1063 961 ul

153 989 266 1056 tollunt
299 989 480 1075 impetuque
511 989 544 1053 in
576 997 700 1054 nostros
726 987 812 1055 facto
838 991 967 1057 ordines
995 999 1063 1077 pert

154 1082 199 1149 ibi
214 1081 336 1148 Lucius
357 1080 452 1148 Cotta
474 1104 620 1169 pugnans
642 1080 825 1149 interficitur
846 1105 920 1149 cum
944 1085 1063 1151 maxim

154 1176 297 1242 militum.
328 1176 440 1261 reliqui
459 1198 493 1242 se
510 1177 544 1241 in
557 1186 660 1241 castra
672 1176 836 1263 recipiunt,
853 1178 941 1244 unde
955 1189 1063 1245 erant<

155 1293 195 1336 ex
212 1270 327 1355 quibus
345 1271 467 1336 Lucius
485 1270 681 1337 Petrosidius
698 1271 856 1355 aquilifer,
881 1294 957 1338 cum
974 1297 1063 1361 magu

154 1365 285 1432 titudine
307 1366 444 1431 hostium
466 1375 673 1452 premeretur,
704 1366 842 1451 aquilam
864 1367 950 1433 intra
972 1369 1063 1433 vallur

153 1460 239 1539 iecit,
265 1461 334 1547 ipse
355 1481 413 1546 pro
435 1460 546 1526 castris
568 1459 741 1526 fortissime
762 1482 908 1547 pugnans
933 1462 1063 1527 occidito

154 1578 247 1643 aegre
261 1556 303 1622 ad
314 1565 440 1621 noctem
453 1555 720 1642 oppugnationem
735 1556 904 1635 sustinent3
922 1567 1021 1624 noctu
1034 1557 1063 1622 at‘

154 1671 263 1716 omnes
277 1650 442 1735 desperata
456 1649 555 1714 salute
565 1671 599 1714 se
612 1649 675 1735 ipsi
687 1649 886 1716 interficiunt.
912 1653 1011 1738 pauci
1020 1675 1057 1716 ex

155 1745 253 1831 elapsi
268 1745 395 1810 incertis
412 1743 575 1810 itineribus
592 1766 649 1829 per
662 1742 757 1810 silvas
772 1744 812 1810 ad
825 1744 934 1811 Titum
947 1747 1063 1813 Labier

153 1849 263 1926 gatum
284 1836 318 1899 in
338 1837 471 1903 hiberna
491 1839 677 1924 perveniunt
698 1847 792 1924 atque
818 1861 892 1904 eum
910 1841 951 1906 de
973 1841 1063 1906 rebus

156 1933 319 1999 certiorem
336 1930 465 1997 faciunt.

104 2047 135 2098 38
217 2027 291 2094 Hac
312 2026 442 2093 victoria
463 2025 606 2093 sublatus
623 2025 792 2095 Ambiorix
819 2028 925 2093 statim
949 2051 1022 2094 cum
1043 2050 1063 2093 et

153 2123 186 2188 in
202 2121 403 2200 Aduatucos,
422 2123 581 2207 quierant
599 2123 666 2188 eius
683 2145 781 2210 regno
799 2122 938 2202 finitimi,
962 2123 1063 2210 profici

152 2239 256 2303 neque
280 2226 404 2282 noctem
430 2237 533 2301 neque
559 2217 643 2282 diem
673 2217 849 2284 intermittit
877 2217 1063 2303 peditatumq

153 2311 304 2396 subsequi
325 2310 421 2377 iubet
468 2333 503 2378 re
525 2311 738 2378 demonstrata
753 2311 995 2396 Aduatucisque
1018 2333 1063 2377 cor

153 2416 276 2492 postero
295 2405 345 2471 die
362 2407 395 2470 in
408 2404 541 2471 Nervios
558 2406 701 2493 pervenit
713 2405 925 2490 hortaturque,
945 2428 985 2471 ne
999 2407 1048 2472 sui
1062 2432 1063 2436 ¹

151 2510 281 2586 petuum
297 2499 451 2565 liberandi
469 2511 563 2585 atque
580 2499 753 2568 ulciscendi
769 2500 930 2567 Romanos
948 2522 1006 2586 pro
1024 2501 1060 2565 iis

152 2593 337 2679 acceperint,
355 2594 486 2672 inimiis,
505 2595 705 2661 occasionem
721 2595 893 2661 dimittant:
912 2594 1063 2660 interfect(

152 2688 272 2774 legatos
295 2687 374 2753 duos
396 2710 607 2774 magnamque
629 2698 751 2775 partem
772 2688 928 2754 exercitus
955 2689 1060 2753 interis

152 2790 319 2860 monstrat3
344 2781 421 2846 nihil
443 2804 513 2848 esse
535 2784 654 2870 negotii
676 2785 987 2868 subito'oppressam
1013 2783 1063 2868 leg

152 2896 323 2960 quaecum
342 2872 494 2941 Cicerone
512 2877 642 2955 hiemet,
661 2876 806 2956 interlici;
825 2898 859 2941 se
878 2877 920 2941 ad
937 2898 1008 2941 eam
1024 2899 1063 2942 rer

152 2969 257 3034 fitetur
274 2969 457 3035 adiutorem.
501 2970 594 3035 facile
616 2971 676 3037 hac
695 2970 836 3038 oratione
853 2969 978 3036 Nerviis
999 2992 1063 3055 perr

102 3083 134 3134 89
152 3065 257 3148 itaque
275 3062 440 3130 confestim
457 3065 596 3130 dimissis
615 3065 731 3130 nuntiis
749 3063 791 3130 ad
809 3061 999 3141 Ceutrones,
1030 3061 1063 3129 G.

151 3160 306 3238 Levacos,
324 3158 541 3237 Pleumoxios,
562 3156 773 3238 Geidumnos,
791 3159 847 3243 qui
865 3180 974 3224 omnes
993 3157 1052 3224 sub

23 3298 29 3307 «
151 3255 281 3342 imperio
300 3263 385 3333 sunt,
412 3276 508 3338 quam
526 3256 680 3320 maximas
702 3275 815 3320 manus
837 3262 984 3340 possunt,
1013 3275 1063 3339 cog

152 3349 192 3413 de
212 3348 372 3434 inproviso
395 3349 435 3414 ad
458 3347 620 3414 Ciceronis
643 3347 774 3416 hiberna
800 3347 947 3412 advolant
969 3348 1063 3413 nondt

153 3464 225 3507 eum
242 3443 327 3508 fama
345 3444 384 3508 de
402 3443 517 3510 Titurii
533 3452 634 3508 morte
650 3444 778 3529 perlata.
817 3441 892 3506 huic
910 3462 1038 3525 quoque
1056 3467 1063 3507 a

152 3537 237 3620 quod
253 3536 313 3601 fuit
330 3559 468 3617 necesse,
487 3547 522 3602 ut
540 3536 682 3602 nonnulli
698 3535 822 3615 milites,
841 3536 896 3620 qui
912 3535 1063 3621 lignation

151 3630 339 3715 nitionisque
357 3652 453 3698 causa
469 3633 503 3697 in
526 3632 621 3698 silvas
644 3631 877 3708 discessissent,
904 3631 1063 3715 repentine

152 3736 218 3791 tum
249 3730 385 3792 adventu
414 3727 677 3814 interciperentur.
725 3725 775 3791 his
807 3725 1029 3791 circumventis

152 3843 247 3886 manu
263 3820 444 3899 Eburones,
467 3819 587 3898 Nervii,
611 3819 773 3887 Aduatuci
790 3830 883 3904 atque
905 3820 1020 3885 horum
1038 3843 1063 3885 ot

154 3915 230 3980 socii
247 3925 278 3980 et
295 3915 423 3981 clientes
441 3914 596 4002 legionem
614 3936 796 4004 oppugnare
814 3914 977 4000 incipiunt
1009 3937 1063 3980 not

140 4008 251 4076 leriter
266 4011 309 4078 ad
326 4035 417 4080 arma
435 4021 638 4091 concurrunt,
653 4009 776 4076 uallum
792 4009 1017 4073 conscendunt.
1040 4033 1063 4072 a
