2414 4336
196 231 258 307 148
513 243 710 303 nussam
731 242 907 316 onnnrco,

193 370 357 458 pissinam
379 368 561 437 servitutem
583 367 749 435 deditionis
770 369 898 438 nomine
921 370 1092 456 appellant,

193 466 253 533 hos
270 463 431 536 habendos
449 463 565 531 urium
581 463 651 530 loco
667 485 770 550 neque
788 464 829 531 ad
847 462 1016 531 consilium
1029 463 1104 531 adhil

195 580 318 634 censeo.
362 580 435 625 cum
455 557 505 624 bis
528 556 606 625 mihi
626 579 677 623 res
700 568 755 636 srt,
782 557 837 644 qui
858 557 1058 645 eruptionem
1074 583 1104 646 pr

193 675 328 740 quorum
349 653 383 719 in
405 651 535 720 consilio
562 653 701 719 omnium
723 661 865 719 vestrum
888 674 1049 721 consensu
1073 677 1104 742 pr

193 746 331 819 residere
348 746 471 812 virtutis
489 746 639 815 memoria
656 747 788 814 videtur.
820 746 919 814 animi
936 756 987 814 est
1004 748 1066 815 ista
1081 771 1104 814 rr

192 863 257 908 non
273 841 382 919 virtus,
400 839 538 927 inopiam
550 840 710 927 paulisper
721 840 803 908 ferra
816 863 882 907 non
894 863 1005 929 posse.
1027 843 1104 928 quis

193 933 286 1002 morti
303 933 445 1013 offerant,
463 934 587 1001 facilius
604 935 809 1022 reperiuntur,
828 957 925 1021 quam
943 935 1003 1020 qui
1016 937 1104 1003 dolor

194 1029 306 1096 tienter
322 1029 433 1097 ferant.
459 1039 553 1114 atque
571 1052 631 1118 ogo
649 1029 731 1096 hanc
749 1029 936 1097 sententiam
955 1031 1104 1118 probarer

194 1135 262 1191 tum
275 1124 359 1211 apud
372 1124 573 1212 malignitas
586 1125 715 1211 potest),
734 1124 894 1191 sinullam
905 1136 1104 1212 praeterquar

192 1227 318 1285 nostrae
339 1219 491 1289 iacturam
512 1219 580 1294 fieri
600 1219 754 1298 viderem3
782 1219 839 1286 scd
859 1219 894 1286 in
915 1219 1052 1287 consilio
1074 1243 1104 1287 ca

193 1335 319 1381 omnem
337 1310 474 1381 Galliam
490 1314 709 1400 respiciamus,
733 1335 828 1398 quam
845 1313 887 1380 ad
903 1324 1053 1381 nostrum
1075 1338 1104 1382 ar

193 1407 427 1476 concitavimus.
471 1407 548 1492 quid
568 1407 731 1473 hominum
751 1407 879 1474 milibus
903 1407 1055 1475 LXXX
1071 1432 1104 1476 un

192 1500 374 1580 interfectis,
390 1501 574 1589 propinquis
592 1501 896 1588 consanguineisque
909 1504 1032 1570 nostris
1048 1503 1104 1570 ani

194 1595 388 1674 existimatis,
408 1595 435 1661 si
451 1617 551 1682 paene
568 1595 602 1660 in
618 1595 696 1682 ipsis
710 1595 914 1663 cadaveribus
928 1597 1053 1682 proelio
1065 1598 1104 1664 de

194 1689 363 1778 cogentur?
382 1689 478 1757 nolite
494 1689 553 1755 hos
570 1699 675 1756 vestro
688 1689 805 1756 auxilio
819 1689 1009 1776 exspoliare,
1029 1692 1084 1777 qui
1097 1715 1104 1746 ¹

195 1784 304 1865 salutis
326 1805 422 1851 causa
447 1805 540 1850 suum
561 1783 734 1871 pericuum
760 1784 984 1872 neglexerunt,
1012 1808 1072 1852 nec
1092 1809 1104 1851 s

194 1902 232 1947 ac
253 1877 426 1945 temeritate
447 1889 552 1947 vestra
573 1889 628 1945 aut
649 1879 745 1945 animi
765 1877 980 1945 imbecillitate
1003 1902 1104 1946 omnen

193 1974 269 2040 liam
285 1980 480 2060 prosternere
498 1982 530 2039 et
544 1982 715 2060 perpetuae
728 1972 871 2039 servituti
884 1972 1042 2040 subicere.
1069 1997 1104 2040 an

195 2070 235 2135 ad
257 2068 340 2135 diem
361 2089 426 2134 non
446 2077 610 2146 venerunt,
638 2068 677 2133 de
695 2089 803 2133 eorum
820 2066 882 2133 fide
904 2068 1104 2152 constantiaq

191 2162 319 2230 bibatis?
349 2162 427 2247 quid
447 2160 542 2249 ergo?
571 2161 731 2228 Romanos
753 2161 787 2227 in
808 2161 870 2226 illis
892 2160 1092 2228 interloribus

196 2256 333 2325 tionibus
355 2256 491 2323 animine
513 2278 609 2322 cama
629 2256 743 2324 cotidie
765 2257 902 2322 exerceri
924 2257 1064 2343 putatis?
1099 2281 1104 2321 ι

194 2375 266 2418 rum
281 2351 399 2419 nuntiis
417 2350 593 2418 confirmari
609 2372 673 2416 non
689 2350 821 2437 potestis
839 2351 926 2416 omni
940 2351 1031 2418 aditu
1042 2373 1104 2438 pra<

195 2446 244 2512 bis
257 2446 380 2512 utimini
393 2444 525 2512 testibus
542 2445 793 2532 appropinquare
806 2466 914 2511 eorum
927 2446 1104 2524 adventum]

195 2539 240 2606 rei
261 2540 370 2609 timore
393 2539 531 2609 exterriti
556 2540 639 2606 diem
665 2548 851 2627 noctemque
872 2541 904 2605 in
931 2561 1029 2626 opere
1049 2562 1104 2606 ver

196 2634 272 2720 quid
293 2657 368 2722 ergo
390 2635 452 2701 mei
474 2633 596 2701 consilii
621 2635 687 2700 est?
716 2634 833 2713 facere,
860 2634 946 2719 quod
968 2634 1104 2701 nostrin

195 2750 393 2814 nequaquam
410 2728 479 2814 pari
496 2727 578 2795 bello
593 2726 794 2803 Cimbrorum
807 2727 1053 2815 Teutonumque
1066 2727 1104 2794 fs

196 2823 250 2907 qui
266 2822 299 2887 in
317 2820 432 2909 oppida
448 2822 602 2909 compulsi
619 2845 657 2889 ac
670 2823 764 2889 simili
776 2822 882 2910 inopia
894 2821 1022 2890 subacti
1034 2845 1104 2889 eoru

195 2913 340 3002 poribus,
366 2915 420 3000 qui
437 2926 538 2984 astate
555 2917 680 2984 inutiles
698 2917 740 2984 ad
755 2916 874 2985 bellum
894 2916 1099 2998 videbantur,

196 3010 405 3091 toleraverunt
426 3032 529 3095 neque
551 3033 587 3078 se
608 3011 751 3079 hostibus
774 3012 979 3097 tradiderunt
1025 3013 1104 3083 cuius

196 3103 375 3191 exemplum
391 3127 456 3171 non
471 3102 674 3185 haberemus,
693 3115 799 3172 tamen
814 3103 969 3181 libertatis
988 3105 1104 3177 causai

196 3207 227 3264 et
243 3199 377 3286 posteris
393 3199 485 3286 prodi
500 3199 745 3287 pulcherrimum
765 3201 946 3279 iudicarem
988 3224 1063 3275 nam
1085 3221 1104 3285 q

197 3292 296 3362 omne
322 3292 405 3372 beno
430 3294 510 3360 anta
543 3295 732 3382 depopuata
758 3292 863 3362 uam
889 3293 1015 3364 cimba
1045 3319 1104 3383 ma

195 3387 281 3453 illata
298 3388 472 3456 calamitate
489 3388 604 3456 linibus
621 3389 749 3475 quidem
762 3391 877 3457 nostris
891 3389 1062 3475 aliquando
1078 3412 1104 3458 er

195 3493 267 3547 runt
284 3491 378 3568 atque
396 3483 473 3551 alias
491 3492 588 3552 terras
606 3484 775 3571 petierunt;
792 3486 870 3566 iura,
887 3485 988 3574 leges,
1007 3509 1104 3575 agros,

195 3586 292 3644 tatem
309 3577 400 3645 nobis
417 3579 617 3664 reliquenmt.
656 3579 794 3647 Romani
810 3602 885 3647 vero
903 3580 981 3666 qnid
996 3588 1104 3667 petunt

195 3682 250 3739 aut
266 3672 344 3758 quid
360 3673 482 3754 volunt,
508 3674 570 3740 nisi
585 3673 704 3741 invidia
725 3675 866 3756 adducti,
893 3697 974 3762 quos
996 3675 1104 3748 samar

195 3776 400 3856 potentesque
425 3766 508 3844 bello
534 3778 762 3856 cognoverunt,
789 3769 902 3850 horum
923 3771 958 3849 in
981 3769 1104 3859 agrino

195 3860 318 3948 busque
331 3861 493 3929 considere
506 3871 600 3948 atque
611 3862 662 3940 his
676 3872 835 3931 aeternam
842 3865 1006 3952 iniungere
1020 3862 1104 3937 servit

188 3981 295 4047 neque
310 3958 397 4045 enim
408 3980 563 4046 umquam
573 3958 638 4027 al'ra
648 3959 830 4038 counitione
839 3959 924 4026 bella
931 3969 1104 4046 geramum

178 4053 214 4129 si
234 4077 289 4139 ea,
320 4078 408 4149 quae
423 4056 461 4126 in
476 4054 666 4146 longinquis
681 4050 865 4120 nationibus
885 4057 1104 4137 mmsis
