2414 4336
356 250 476 313 conta
495 253 545 313 vu
564 255 666 313 r-1o
971 242 1027 314 ,99

116 378 202 447 eitra
213 377 331 445 flumen
340 377 472 458 eliceret,
487 379 596 444 eadem
604 401 681 445 usus
691 378 887 447 simulatione
894 380 1031 461 itineria.

93 538 100 549 ,,
142 471 412 560 progrediebatur.
458 482 525 539 tum
545 472 726 558 praemissis
748 472 877 561 paulum
892 472 1030 560 impare,

61 654 65 660 Ι
124 577 221 654 atque
234 568 269 639 in
281 567 401 634 tumulo
411 567 547 652 quodam
556 567 724 647 oollooatis,
740 567 895 647 ‘hebetia'
912 570 1022 662 inquit,

110 670 114 677 ’
155 685 255 748 quam
270 660 403 749 petistis,
421 661 616 729 facultatem·
632 661 705 729 host
692 672 756 728 tem
768 663 917 749 impedito
930 672 1023 772 atque

119 757 193 824 loeo
216 756 343 823 tenetis:
368 766 525 844 praestate
547 757 679 867 eandem
700 756 802 827 nobis
813 756 992 868 ducibus
962 780 1024 823 ur·

61 1095 66 1134 :
144 1064 183 1106 m
199 1040 340 1107 converti
356 1040 518 1124 aoiemque
535 1041 627 1127 dirigi
643 1040 731 1107 iubet
748 1049 779 1106 et
791 1041 899 1126 pauois
913 1041 1026 1122 turmis

85 1130 108 1227 ’,
119 1136 153 1203 ὀ
173 1135 217 1202 ad
232 1134 455 1220 irnpedimenta
473 1134 612 1203 dimissis
629 1135 765 1220 reliquos
784 1136 904 1220 equites
922 1136 963 1201 ad
978 1135 1024 1203 la·

91 1228 102 1246 “
121 1230 228 1317 ponit.
245 1229 395 1297 ¹ooleriter
407 1229 506 1296 nostri
519 1229 654 1296 elamore
667 1229 789 1296 sublato
802 1229 868 1315 pila
875 1230 908 1295 in
917 1229 1024 1296 hostes

158 1333 181 1390 t.
226 1322 286 1403 illi,
308 1322 362 1389 ubi
378 1333 502 1411 praeter
519 1346 608 1411 spem
625 1346 704 1408 quos
727 1323 837 1411 fugere
858 1323 1028 1391 eredebant.

61 1420 115 1487 tis
135 1416 243 1506 signis
261 1416 302 1483 ad
319 1417 412 1484 seire
425 1418 578 1497 viderunt,
597 1418 748 1504 impetum
761 1418 854 1484 modo
867 1417 949 1483 ferre
961 1436 1027 1484 non
1088 1424 1091 1430 '

61 1521 167 1585 munt
184 1533 224 1578 ao
240 1511 341 1598 primo
357 1533 513 1579 oononrsu
532 1512 566 1577 in
587 1511 697 1599 fugam
715 1512 846 1578 oonieoti
867 1512 1027 1597 proximae,

61 1626 90 1683 ,ιι
114 1606 310 1694 petiverunt
357 1628 436 1691 qnos
462 1605 627 1674 Labienus
658 1606 798 1692 equitatu
829 1616 1025 1679 ooneeotatns

61 1718 264 1773 uo'nnmero
281 1700 466 1780 interfecto,
481 1700 693 1787 oompluribus
711 1701 811 1788 captis
828 1702 937 1788 peuois
954 1700 1030 1788 post

61 1816 107 1885 prs
127 1795 291 1863 civitatem
307 1795 439 1882 reoepit;
456 1819 530 1863 narn
544 1793 704 1875 Germani,
722 1797 777 1882 qui
788 1796 903 1863 auxilio
921 1797 1026 1863 venie-

61 1910 80 1973 ;,
97 1898 254 1978 pereepta
266 1888 474 1956 Treverorum
490 1889 569 1977 fuga
586 1911 656 1956 sese
674 1890 802 1956 domum
819 1889 1025 1968 contulerunt,

61 1984 145 2053 his
167 1983 336 2070 propinqui
355 1984 575 2065 Indutiomari,
602 1984 656 2070 qui
678 1983 860 2051 desertionis
883 1995 955 2050 anot
955 2008 1026 2052 ores

61 2087 139 2157 ant,
169 2077 309 2144 oomitati
326 2100 380 2145 eos
398 2100 438 2144 ex
456 2078 581 2146 civitate
603 2100 774 2146 excessere.
820 2077 1075 2165 Cingetorigi„;

61 2184 94 2283 ps
120 2171 162 2240 ab
189 2172 278 2238 initio
303 2175 514 2282 pemanemse
539 2172 573 2239 in
599 2173 704 2240 officio
731 2174 1022 2251 demonstravimus,

123 2274 196 2333 atus
214 2266 334 2351 atque
324 2267 490 2353 mperium
508 2276 556 2334 est
573 2268 728 2334 traditum

135 2385 198 2440 sar,
215 2370 383 2472 postquam
400 2384 440 2428 ex
451 2361 632 2450 Menapiis
623 2387 656 2428 m
669 2362 823 2429 Treveros
837 2337 931 2440 venit,
950 2362 1027 2433 dna
1045 2382 1060 2434 e

81 2456 126 2524 de
146 2456 253 2523 oausis
273 2455 421 2523 Rhenum
446 2459 577 2524 transim
606 2457 780 2537 eonstituit3
807 2479 939 2543 quarum
964 2479 1027 2531 una

74 2588 77 2593 ·
108 2550 195 2636 quod
221 2550 337 2617 auxilia
363 2561 470 2618 eontra
496 2574 530 2618 se
556 2552 703 2619 Treveris
729 2552 891 2630 miserant,
919 2551 1025 2631 altera,
1129 2592 1143 2607 -

119 2667 174 2713 eos
191 2642 360 2712 Ambiorix
375 2655 535 2732 receptum
551 2645 689 2713 haberet.
716 2646 765 2712 his
784 2647 960 2713 constitutis
978 2668 1027 2713 re-

77 2739 210 2827 -panlnm
228 2762 325 2826 supra
342 2762 415 2806 enm
430 2740 545 2852 locum,
564 2764 627 2827 quo
644 2750 716 2808 ante
733 2742 904 2808 exereitum
921 2741 1028 2808 tradu-

118 2833 225 2900 faeere
241 2843 369 2922 pontem
386 2835 520 2902 instituit
521 2844 630 2902 .nota
647 2846 739 2921 atque
756 2837 896 2905 instituta
908 2838 1027 2904 ratione

135 2929 271 2995 militum
289 2929 392 2996 studio
409 2931 518 3017 pauoie
536 2930 646 2997 diebus
666 2953 745 3018 opus
763 2931 905 2999 effioitur.
937 2932 1027 3002 firmo

117 3024 202 3091 veris
223 3025 265 3091 nd
284 3027 413 3113 pontem
434 3025 590 3112 praesidio
611 3026 734 3105 relicto,
760 3048 800 3093 ne
822 3027 892 3110 quis
915 3025 955 3092 ab
977 3025 1027 3092 his

91 3128 232 3185 omotus
255 3129 405 3199 oreretur,
432 3120 568 3205 reliquas
587 3121 693 3207 copiae
712 3121 945 3206 equitatumque
966 3128 1028 3186 tra·

142 3212 237 3292 Ubii,
260 3215 314 3300 qui
337 3224 409 3281 ante
427 3214 553 3281 obsides
571 3216 720 3282 dederant
737 3224 830 3300 atque
847 3215 880 3280 in
898 3212 1030 3280 deditio·

91 3318 253 3389 venerant,
270 3309 427 3398 purgandi
445 3311 495 3377 sui
512 3333 607 3378 eausa
619 3312 660 3378 ad
673 3333 745 3376 eum
758 3310 878 3398 legatos
891 3308 1027 3388 mittunt,

80 3405 218 3472 dmeant
243 3426 345 3490 neque
371 3404 488 3471 auxilia
514 3427 554 3471 ex
580 3429 638 3472 sua
663 3404 787 3470 civitate
812 3403 846 3468 in
873 3401 1027 3470 Treveros

61 3506 110 3580 ιιι,
130 3518 239 3583 neque
255 3497 295 3564 ab
314 3521 348 3564 se
365 3498 461 3566 fidem
477 3499 609 3567 laesam:
632 3507 741 3585 petunt
758 3505 851 3582 atque
869 3505 971 3577 orant,
994 3506 1029 3562 ut

61 3588 201 3681 pareat,
219 3614 260 3658 ne
277 3593 436 3660 oommuni
449 3594 522 3661 odio
536 3591 765 3660 Germanorum
778 3591 958 3658 innocentes
971 3611 1028 3677 pro

61 3685 190 3755 atibus
215 3708 334 3772 poenae
360 3689 514 3775 pendent3
547 3688 574 3755 si
605 3686 738 3773 amplius
769 3685 914 3753 obsidum
943 3684 1027 3763 uelit,

61 3780 293 3872 tpollioentur.
338 3784 460 3871 cognita
480 3781 600 3850 Caesar
616 3803 712 3847 eausa
727 3782 842 3869 reperit
858 3779 898 3847 ab
913 3777 1028 3846 Suebis

61 3878 119 3947 iiia
131 3876 234 3944 missa
246 3899 332 3958 esse;
350 3877 506 3945 Ubiorum
520 3876 764 3945 satisfactionem
781 3874 906 3961 aaoipit,
926 3873 1028 3940 aditus

61 3992 135 4060 qne
152 3970 189 4036 in
207 3967 330 4038 Suebos
351 3973 510 4059 perquirit
554 3970 677 4038 interim
698 3969 807 4056 paneis
824 3976 897 4056 post
918 3965 1029 4036 diebus
1049 3983 1081 4032 10

61 4062 212 4136 stbiis
229 4067 340 4134 oertior
358 4065 482 4135 Suebos
500 4087 608 4134 omnes
624 4066 658 4132 in
679 4088 777 4132 unum
793 4063 898 4220 Ιοξιιιιι
920 4061 1027 4150 copiae
