2414 4336
351 248 703 308 connumera-42.
975 220 1035 300 171

71 399 143 440 um.
189 373 249 440 hoc
271 381 409 439 avertere
430 374 491 441 loci
512 384 624 439 natura
644 371 842 460 prohibebat:
869 371 903 437 in
923 370 1038 437 infimis

71 494 94 535 n
116 469 163 534 sic
181 466 337 534 radicibus
355 469 469 534 montis
487 467 659 547 ferebatur,
681 477 717 533 ut
734 466 852 531 nullam
868 466 902 531 in
918 473 1039 552 partem

71 565 173 630 ressis
192 563 287 629 fossis
306 562 439 629 derivari
456 572 572 650 posset.
600 573 666 629 erat
679 569 784 629 autem
797 556 960 648 oppidanis
979 559 1040 624 dif-

71 660 103 724 is
124 667 156 722 et
172 666 358 744 praeruptus
377 679 413 723 eo
427 657 607 737 descensus,
625 666 660 723 ut
673 654 911 745 prohibentibus
924 653 1039 720 uostris

71 780 77 818 ι
94 751 279 818 vulneribus
297 774 334 818 aa
351 752 488 838 periculo
502 752 585 818 vitae
596 773 698 839 neque
712 751 797 817 adire
809 749 926 815 flumen
938 769 1041 832 nequa

71 870 112 912 uo
132 868 167 911 se
183 846 321 932 recipere
338 855 468 932 possent
486 867 628 913 ascensu.
655 867 718 933 qua
733 842 916 910 difficultate
934 863 1041 908 eorum

71 941 144 1004 nita
162 938 281 1005 Caesar
298 940 466 1026 sagittariis
489 938 761 1025 funditoribusque
783 937 957 1025 dispositis,
980 943 1042 1001 tor·

71 1034 129 1099 ntis
148 1033 242 1099 etiam
259 1032 449 1117 quibusdam
466 1033 543 1100 locis
562 1043 670 1101 contra
686 1032 852 1100 facillimos
870 1031 1040 1097 descensus

71 1128 175 1194 ‚acatis
202 1149 284 1213 aqua
305 1127 441 1193 fluminis
468 1127 652 1214 prohibebat
678 1127 862 1215 oppidanos.
909 1147 1042 1212 quorum
1059 1148 1090 1197 41

71 1223 118 1288 nis
137 1235 247 1309 postea
263 1221 429 1288 multitudo
447 1232 630 1306 aquatorum
647 1245 746 1287 unum
762 1221 796 1288 in
812 1221 917 1288 locum
929 1241 1043 1287 conve-

71 1318 123 1384 bat
140 1315 200 1382 sub
217 1315 318 1402 ipsius
336 1317 445 1403 oppidi
461 1340 585 1382 murum
590 1365 599 1397 ,
623 1316 679 1384 ubi
694 1338 829 1404 magnus
851 1315 923 1383 fons
941 1335 1042 1400 aquae

71 1409 239 1498 rumpebat
251 1409 291 1476 ab
305 1432 343 1477 ea
355 1419 452 1497 parte,
471 1433 552 1496 quae
567 1411 633 1478 fere
645 1411 761 1499 pedum
776 1408 866 1477 000
878 1408 1042 1475 intervallo
1114 1475 1116 1479 ,

71 1506 153 1571 uinis
172 1505 302 1570 circuitu
318 1503 460 1571 vacabat.
504 1505 565 1572 hoc
587 1506 673 1572 fonte
694 1504 853 1593 prohiberi
874 1525 969 1592 posse
986 1525 1043 1591 op·

71 1622 148 1666 anos
167 1621 239 1665 cum
257 1608 399 1687 optarent
415 1600 540 1686 reliqui,
565 1599 685 1667 Caesar
702 1621 783 1666 unus
801 1599 936 1679 videret,
960 1619 976 1664 e
994 1619 1043 1664 re-

70 1717 110 1760 ne
136 1693 203 1759 eius
231 1693 338 1759 vineas
365 1715 458 1781 agere
485 1695 637 1761 adversus
668 1703 808 1761 montem
833 1703 865 1760 et
895 1713 1043 1781 aggerem

71 1799 170 1855 truere
196 1789 298 1875 coepit
323 1810 439 1876 magno
465 1810 539 1855 cum
560 1786 666 1854 labore
689 1797 721 1854 et
746 1787 893 1855 continua
915 1787 1043 1854 dimica-

71 1907 110 1950 re.
155 1883 303 1969 oppidani
320 1884 404 1949 enim
421 1883 490 1949 loco
509 1884 668 1970 superiore
686 1882 854 1950 decurrunt
872 1892 903 1949 et
920 1882 1042 1949 eminus

71 2002 83 2045 e
102 1977 243 2064 periculo
259 1977 449 2063 praebantur
466 1976 644 2064 multosque
662 1978 861 2064 pertinaciter
874 1977 1044 2044 succeden-

83 2072 262 2150 vulnerant3
279 2095 343 2139 non
361 2073 554 2138 deterrentur
570 2081 675 2137 tamen
692 2071 807 2137 milites
824 2071 923 2137 nostri
935 2071 1043 2136 vineas

71 2167 157 2232 ¹ferre
175 2175 206 2232 et
222 2164 328 2232 labore
345 2175 438 2251 atque
455 2165 601 2252 operibus
619 2164 760 2231 locorum
772 2165 897 2231 vincera
910 2162 1044 2230 difficul-

71 2287 107 2329 ιε.
136 2261 245 2327 eodem
263 2271 402 2347 tempore
420 2260 580 2326 cuniculos
599 2268 698 2327 tectos
717 2258 757 2327 ab
770 2259 870 2326 vineis
888 2267 986 2347 agunt
1003 2259 1044 2325 ad

71 2367 113 2421 rut
131 2355 240 2434 fontis3
267 2355 352 2440 quod
372 2377 473 2442 genus
495 2354 598 2442 operis
621 2354 689 2421 sine
711 2353 776 2420 ullo
797 2353 948 2442 periculo,
977 2354 1044 2420 aine

73 2449 197 2536 picione
222 2448 360 2514 hostium
386 2448 490 2514 facere
517 2448 639 2515 licebat.
688 2448 859 2515 exstruitur
888 2468 987 2536 agger
1010 2447 1044 2513 in

71 2542 214 2609 tudinem
226 2543 343 2629 pedum
357 2543 529 2631 sexaginta,
548 2543 719 2610 collocatur
730 2544 764 2609 in
778 2565 816 2610 eo
828 2543 922 2609 turris
936 2543 1044 2608 decem

72 2637 238 2715 ulatorum,
252 2659 316 2702 non
329 2638 456 2721 quidem
468 2659 549 2724 quae
562 2636 727 2705 moenibus
741 2647 888 2724 aequaret
901 2636 948 2722 (id
961 2637 1045 2704 enim

71 2731 112 2796 lis
135 2729 280 2817 operibus
304 2731 387 2797 ellici
408 2733 559 2819 poterat),
589 2732 646 2798 sed
668 2754 748 2819 quae
774 2753 921 2820 superare
947 2730 1044 2797 fontis

71 2823 182 2912 ligium
199 2835 316 2911 posset.
352 2846 392 2892 ex
409 2847 447 2892 ea
464 2848 535 2893 cum
554 2826 617 2892 tela
633 2827 795 2894 tormentis
812 2825 987 2893 iacerentur
1004 2825 1045 2892 ad

71 2920 115 2985 ,tis
134 2919 267 2998 aditum,
294 2941 353 2986 neo
371 2921 438 2987 sine
454 2921 594 3009 periculo
612 2933 743 3009 possent
760 2923 869 3010 aquari
886 2922 1044 3010 oppidani,

71 3022 221 3079 rtautum
238 3035 352 3100 pecora
369 3024 462 3100 atque
478 3016 631 3096 iumenta,
658 3019 715 3085 sed
737 3019 831 3083 etiam
852 3040 968 3104 magna
988 3015 1045 3080 bo-

71 3131 117 3173 nn
138 3107 303 3174 mrdtitudo
326 3109 379 3175 siti
400 3109 652 3177 consumebatur.
701 3133 764 3197 quo
786 3109 869 3177 malo
890 3109 1044 3197 perterriti
1061 3128 1094 3178 42

71 3201 170 3289 ridani
183 3224 279 3288 cupas
294 3224 379 3282 sevo,
397 3204 476 3289 pice,
496 3205 655 3271 scandulis
673 3203 844 3292 compleut3
863 3224 916 3271 aas
934 3203 1046 3270 arden·

86 3295 120 3361 in
137 3317 232 3383 opera
248 3296 436 3382 provolvunt
453 3299 627 3384 eodemque
641 3307 780 3386 tempore
793 3298 942 3364 acerrime
954 3318 1046 3385 proe-

71 3398 149 3468 rtur,
173 3399 207 3455 ut
224 3389 264 3456 ab
281 3390 425 3457 incendio
441 3392 664 3480 restinguendo
681 3392 889 3459 dimicationis
906 3390 1045 3480 periculo

71 3493 197 3550 zerreant
218 3484 388 3551 Romanos.
438 3509 554 3573 magna
582 3496 710 3574 repente
734 3487 769 3553 in
793 3487 871 3575 ipsis
898 3485 1044 3574 operibus

71 3601 149 3643 nma
166 3579 293 3645 exstitit.
320 3601 536 3665 quaecumque
554 3580 637 3645 enim
653 3601 710 3667 per
722 3579 827 3647 locum
844 3579 1045 3668 praecipitem

71 3696 121 3739 ssa
138 3683 238 3751 erant,
259 3695 296 3738 ea
312 3673 412 3741 vineis
431 3684 463 3739 et
479 3696 595 3761 aggere
613 3697 783 3764 suppressa
800 3673 1045 3762 comprehenda-

71 3778 98 3833 nt
123 3767 157 3832 id
182 3767 301 3855 ipsum,
329 3770 414 3854 quod
438 3769 626 3837 morabatur.
670 3771 785 3838 milites
807 3779 915 3837 canna
935 3769 1043 3848 nostri,

71 3885 213 3947 amquam
234 3863 410 3951 periculoso
431 3884 547 3952 genere
567 3863 678 3952 proelii
697 3865 829 3951 locoque
850 3863 957 3950 iniquo
973 3884 1045 3951 pre-

71 3956 197 4038 bantur,
216 3967 322 4025 tamen
338 3957 443 4025 omnia
459 3957 632 4027 fortissimo
645 3957 840 4026 sustinebant
852 3958 966 4026 animo.
992 3979 1044 4027 res

71 4077 105 4119 ‚nr
124 4052 291 4142 gerebatur
307 4063 339 4122 et
356 4052 482 4123 excelso
502 4052 573 4122 loco
595 4063 626 4123 at
642 4055 675 4123 in
697 4063 868 4143 conspeetu
889 4052 1043 4123 execitia
1141 4094 1148 4135 ,ι
