2414 4336
370 243 487 302 coMM.
505 245 528 301 Ι.
547 244 656 300 11-14„
1002 230 1021 295 7

10 370 200 439 abdiderunt.
233 368 261 435 is
278 390 381 456 pagus
398 367 612 455 appellabatur
626 367 797 456 Tigurinus
802 393 812 448 3
829 390 903 434 nam
921 368 1021 434 omnis

10 466 118 532 avitas
135 463 280 529 Helvetia
300 464 333 528 in
350 472 497 548 quattuor
516 485 616 551 pagos
634 463 735 529 divisa
752 471 808 530 est
847 463 899 528 hic
919 485 1021 550 pagus

10 582 105 639 mus,
127 579 196 624 cum
214 558 306 624 domo
328 559 445 624 exisset
460 567 584 646 patrum
605 567 782 624 nostrorum
802 557 961 638 memoria,
979 559 1021 623 L.

10 653 155 721 Dassiurn
184 652 346 720 consulem
374 652 573 719 interfecerat
603 661 634 718 et
663 653 731 719 eius
761 652 931 718 exercitum
962 651 1022 718 sub

10 749 117 834 iugum
137 746 276 812 miserat.
317 746 362 812 ita
383 746 450 813 sive
472 768 548 812 casu
571 747 637 812 sive
661 746 790 813 oonsilio
812 747 940 812 deorum
965 746 1025 810 im-

10 840 192 920 mortalium,
210 862 290 925 quae
307 863 380 927 pars
397 841 531 906 civitatis
544 838 710 907 Helvetiae
726 842 882 929 insignem
899 838 1025 907 calami-

10 944 103 1000 tatem
122 934 240 1021 populo
256 934 402 1000 Romano
419 934 577 1013 intulerat,
601 957 639 1000 ea
653 936 799 1022 princeps
820 957 938 1022 poenas
955 956 1026 1020 per-

10 1029 111 1095 solvit.
155 1050 217 1113 qua
238 1029 271 1093 in
287 1051 321 1094 re
340 1026 460 1095 Caesar
476 1051 539 1095 non
557 1028 659 1095 solum
675 1029 831 1116 publicas,
855 1030 911 1096 sed
932 1030 1026 1094 etiam

10 1123 146 1210 privatas
171 1123 300 1189 iniurias
323 1123 407 1189 ultus
430 1132 492 1203 est,
519 1124 604 1208 quod
629 1123 696 1190 eius
719 1125 818 1191 soceri
838 1125 880 1190 L.
898 1123 1025 1190 Pisonis

10 1241 113 1297 avum,
132 1218 174 1284 L.
191 1216 342 1284 Pisonem
357 1217 511 1306 legatum,
529 1217 674 1306 Tigruini
691 1219 801 1285 eodem
818 1219 945 1306 proelio,
963 1240 1026 1303 quo

10 1310 168 1390 Cassium,
185 1311 413 1378 interfecerant.

71 1404 145 1470 Hoc
161 1405 278 1490 proelio
295 1404 379 1471 facto
395 1405 530 1489 reliquas
549 1405 655 1491 copias
669 1404 886 1471 Helvetiorum
903 1414 938 1470 ut
955 1427 1029 1471 oon-
1046 1421 1078 1471 1³

10 1498 99 1583 sequi
115 1507 236 1584 posset,
260 1508 388 1584 pontem
404 1499 439 1565 in
454 1498 555 1565 Arare
571 1499 754 1564 faciundum
771 1508 858 1565 curat
874 1508 968 1584 atque
983 1499 1028 1563 ita

9 1593 179 1659 exercitum
198 1593 339 1658 traducit.
370 1593 510 1659 Helvetii
525 1594 688 1680 repentino
705 1595 772 1660 eius
790 1594 926 1659 adventu
943 1614 1029 1659 com-

10 1689 86 1753 moti
103 1708 175 1752 oum
192 1686 239 1766 id,
262 1688 346 1771 quod
362 1687 424 1774 ipsi
440 1686 552 1753 diebus
569 1688 682 1774 viginti
699 1688 869 1774 aegerrime
887 1687 1030 1754 confece-

10 1792 91 1859 rant,
113 1791 150 1845 ut
170 1779 287 1846 flumen
308 1781 487 1859 transirent,
509 1803 573 1847 uno
595 1782 683 1846 illum
704 1782 754 1847 die
775 1781 889 1848 fecisse
909 1781 1030 1847 intelle-

11 1884 133 1960 gerent,
155 1875 275 1961 legatos
298 1875 340 1940 ad
361 1897 433 1941 eum
455 1876 595 1954 mittunt3
622 1876 711 1940 cuius
732 1875 896 1962 legationis
913 1875 1029 1941 Divico

11 1969 153 2054 princeps
172 1968 241 2048 fuit,
261 1969 315 2052 qui
332 1968 415 2034 bello
429 1967 583 2035 Cassiano
601 1969 666 2034 dux
682 1969 902 2036 Helvetiorum
919 1969 1029 2036 fuerat

12 2062 38 2127 is
55 2063 100 2129 ita
116 2084 189 2127 oum
203 2061 339 2128 Caesare
357 2064 435 2150 egit:
459 2065 486 2130 si
503 2086 613 2150 pacem
630 2065 764 2150 populus
777 2065 940 2130 Romanus
958 2085 1031 2130 cum

13 2155 167 2222 Helvetiis
185 2156 315 2236 faceret,
337 2157 371 2222 in
393 2179 462 2224 eam
483 2165 604 2244 partem
621 2159 718 2224 ituros
737 2168 829 2243 atque
846 2157 891 2224 ibi
908 2158 1030 2223 futuros

11 2250 186 2329 Helvetios,
205 2250 260 2317 ubi
277 2274 331 2318 eos
350 2251 469 2319 Caesar
486 2253 699 2318 constituisset
716 2262 808 2337 atque
827 2273 897 2318 esse
914 2252 1032 2318 voluis-

13 2354 71 2424 set;
95 2343 145 2409 sin
161 2343 244 2411 bello
261 2346 407 2431 persequi
423 2356 644 2433 perseveraret,
662 2346 913 2413 reminisceretur
930 2354 961 2411 et
977 2367 1032 2412 ve-

14 2439 84 2504 teris
105 2438 295 2504 incommodi
315 2439 423 2526 populi
440 2441 575 2506 Romani
594 2450 625 2505 et
645 2440 794 2527 pristinae
811 2440 935 2506 virtutis
952 2439 1032 2506 Hel-

15 2531 174 2599 vetiorum.
217 2533 302 2617 quod
327 2534 495 2621 improviso
521 2557 619 2599 unum
640 2557 758 2621 pagum
784 2534 911 2600 adortus
938 2543 1031 2613 esset,

16 2646 83 2691 cum
103 2626 141 2705 ii,
164 2626 219 2710 qui
239 2626 356 2693 flumen
377 2628 575 2707 transissent,
599 2629 664 2694 suis
687 2627 838 2694 auxilium
863 2628 944 2694 ferre
969 2649 1033 2693 non

14 2731 154 2804 possent,
184 2742 225 2785 ne
255 2720 296 2787 ob
327 2744 397 2788 eam
426 2731 572 2788 remant
603 2744 678 2788 suae
708 2744 898 2810 magnopere
927 2723 1034 2787 virtuti

15 2814 161 2880 tribueret
182 2825 237 2879 aut
257 2815 343 2901 ipsos
366 2817 547 2903 despiceret.
592 2838 626 2882 se
647 2817 691 2881 ita
712 2840 731 2881 a
752 2816 892 2903 patribus
910 2815 1034 2882 maiori-

15 2904 135 2993 busque
158 2908 224 2974 suis
246 2908 406 2990 didicisse,
429 2922 464 2976 ut
485 2911 586 2998 magis
603 2911 730 2989 virtute,
754 2932 848 2995 quam
871 2910 943 2976 dolo
961 2931 1035 2975 con-

15 3003 175 3069 tenderent
192 3012 246 3068 aut
262 3002 384 3068 insidiis
402 3004 580 3069 niterentur.
607 3025 703 3088 quare
716 3026 756 3070 ne
770 3005 985 3081 committeret,
998 3011 1034 3067 ut

13 3093 156 3174 islocus,
175 3095 231 3162 ubi
247 3098 470 3175 constitissent,
485 3120 525 3163 ex
538 3097 712 3163 calamitate
729 3098 838 3184 populi
849 3096 986 3164 Romani
1003 3104 1035 3160 et

12 3187 221 3256 internecione
244 3191 398 3256 exercitus
421 3213 534 3257 nomen
552 3202 676 3278 caperet
694 3202 748 3258 aut
764 3191 946 3257 memoriam
962 3210 1034 3276 pro·

12 3284 108 3350 deret
140 3283 190 3349 his
201 3281 321 3351 Caesar
336 3285 381 3350 ita
391 3285 565 3372 respondit:
584 3307 620 3352 eo
635 3285 695 3352 sibi
711 3286 814 3350 minus
832 3283 1033 3350 dubitationis
1053 3298 1085 3350 14

13 3378 94 3457 dari,
115 3377 201 3462 quod
219 3399 272 3445 eas
289 3401 349 3457 res,
368 3400 446 3463 quas
463 3378 560 3466 legati
571 3377 712 3446 Helvetii
728 3386 1034 3456 commemorassent,

11 3471 166 3538 memoria
182 3480 308 3552 teneret,
323 3482 417 3558 atque
430 3495 467 3539 eo
479 3474 607 3560 gravius
624 3474 715 3550 ferre,
729 3494 791 3557 quo
805 3472 907 3538 minus
925 3472 1036 3537 merito

10 3566 123 3654 populi
143 3565 281 3633 Romani
307 3567 508 3634 accidissent:
534 3568 638 3652 quisi
663 3565 793 3632 alicuius
818 3566 948 3632 iniuriae
975 3565 1037 3632 sibi

14 3659 160 3727 conscius
182 3658 309 3740 fuisset,
336 3684 400 3726 non
421 3661 521 3727 fuisse
543 3660 670 3727 difficile
692 3682 817 3740 cavere3
845 3661 901 3727 sed
922 3682 959 3725 eo
982 3659 1037 3724 de-

15 3764 154 3842 ceptum,
178 3754 263 3839 quod
283 3776 385 3864 neque
403 3756 606 3822 commissum
623 3778 643 3820 a
660 3775 694 3820 se
711 3754 916 3842 intellegeret,
939 3774 1036 3837 quare

16 3846 151 3929 timeret,
178 3868 281 3933 neque
308 3848 376 3915 sina
404 3871 500 3915 causa
526 3848 698 3915 timendum
722 3856 855 3936 putaret.
899 3849 1035 3931 quod
1009 3870 1037 3914 s1

17 3943 129 4011 vetaris
149 3943 355 4010 contumeliae
373 3942 516 4010 oblivisci
533 3943 640 4022 vellet,
662 3966 737 4008 num
755 3942 851 4008 etiam
866 3941 1044 4007 recentium

15 4033 211 4117 iniuriam,
233 4039 318 4125 quod
340 4060 378 4107 eo
399 4037 499 4109 invito
521 4037 582 4109 iter
606 4060 665 4131 per
689 4036 898 4129 promam
912 4055 977 4120 per
993 4032 1073 4095 tm
