2414 4336
156 213 199 282 46
452 265 454 269 «
475 227 528 284 DE
545 225 673 283 BELLO
693 224 861 285 GALLIGO

155 351 261 420 missis
278 351 390 441 legatis
406 373 465 441 per
481 375 555 420 snos
572 352 728 441 principes
744 351 878 418 interae
899 351 1081 434 coniurant,
1105 351 1163 419 ubil

155 449 217 517 nisi
234 449 393 516 communi
409 448 539 516 consilio
557 459 691 529 acturos,
711 449 907 534 eundemque
920 449 1026 516 omnis
1041 448 1164 517 fortuna
1191 456 1207 544 η

156 545 275 613 exitum
292 567 362 611 csse
379 544 507 624 laturos,
524 544 722 629 reliquasque
740 544 882 609 civitates
900 543 1083 624 sollicitant,
1100 544 1166 611 ntis
1192 549 1207 615 l

156 662 195 707 ea
218 640 375 719 libertate,
406 661 501 724 qnam
527 662 547 705 a
571 639 741 706 maioribus
769 647 966 726 acceperant,
1000 623 1207 727 permaneri

155 759 251 822 quam
267 735 481 801 Romanorum
499 734 679 801 servitutem
695 733 833 822 perferre
850 733 989 800 mallent.
1027 733 1115 801 omni
1130 754 1169 801 ort
1196 720 1207 832 l

103 905 104 908 Ἴ
155 829 310 896 maritima
322 828 612 896 celeriteredsuam
621 829 807 895 sententiam
818 829 969 915 perducta
983 850 1170 897 communen
1204 915 1206 925 ,

154 924 343 1012 legationem
360 923 402 989 ad
418 923 568 991 Publium
582 922 734 990 Crassum
752 924 887 1002 mittunt,
906 924 934 990 si
950 924 1030 990 velit
1048 946 1125 991 suos
1136 946 1172 991 rs·
1206 999 1207 1003 Ἰ

123 1040 137 1088 a
155 1018 268 1106 cipere,
287 1017 412 1084 obsides
432 1017 493 1084 sibi
508 1018 654 1084 remittat.
699 1018 814 1103 quibus
832 1017 985 1086 derebus
1006 1017 1172 1087 Caesarei

157 1111 275 1180 Crasso
293 1112 404 1178 certior
420 1112 534 1192 factus,
552 1113 638 1198 quod
654 1114 722 1199 ipse
740 1113 847 1179 aberat
864 1112 1001 1200 longius,
1020 1137 1123 1183 naves
1138 1115 1179 1187 in.

155 1207 247 1273 terim
262 1207 374 1295 longas
392 1207 549 1273 aedificari
566 1208 600 1273 in
620 1207 749 1273 flumine
766 1208 897 1295 Ligere,
924 1210 1012 1292 quod
1032 1209 1173 1276 infinitis

158 1301 337 1384 Oceanum,
355 1304 490 1392 remiges
508 1327 548 1371 cx
564 1305 724 1392 provincia
739 1305 872 1383 institui,
896 1313 1010 1371 nautas
1028 1305 1173 1394 guberna·

156 1407 301 1484 cotesque
319 1399 493 1486 comparari
509 1398 605 1465 iubat.
628 1398 678 1464 his
696 1397 790 1465 rebus
804 1398 945 1465 celeriter
957 1400 1173 1468 administratis

155 1493 238 1580 ipse,
260 1516 334 1560 cum
354 1493 490 1580 primum
507 1516 564 1581 per
581 1493 655 1559 anni
672 1501 796 1579 tempus
813 1493 929 1579 potuit,
951 1495 994 1559 ad
1012 1496 1174 1562 exercitur

156 1588 324 1654 contendit
359 1587 474 1654 Veneti
490 1586 690 1673 reliquaeque
706 1588 782 1653 item
800 1587 940 1653 civitates
958 1589 1092 1676 cognito
1106 1589 1174 1658 cas

157 1681 235 1747 saris
253 1682 405 1761 adventu,
432 1681 526 1755 simul
543 1682 641 1767 quod,
668 1691 820 1767 quantum
836 1682 870 1747 in
888 1704 923 1748 se
940 1681 1070 1750 facinus
1089 1684 1176 1751 admi·
1206 1766 1207 1769 Ἴ

157 1775 281 1855 sissent,
298 1776 534 1864 intellegebant,
552 1775 688 1864 legatos,
706 1777 792 1861 quod
809 1798 923 1842 nomen
941 1777 982 1842 ad
1000 1799 1114 1846 omnes
1130 1801 1175 1844 na·

156 1871 256 1937 tiones
275 1879 417 1937 sanctum
434 1871 679 1956 inviolatumque
698 1893 823 1957 semper
839 1870 965 1950 fuisset,
983 1881 1127 1941 retentos
1143 1872 1175 1940 ab

157 1987 192 2031 se
208 1973 240 2030 et
255 1964 289 2030 in
305 1965 431 2032 vincula
448 1965 620 2044 coniectos,
648 1988 706 2053 pro
728 1965 942 2052 magnitudine
963 1967 1099 2052 periculi
1120 1966 1177 2035 bel·

155 2059 223 2126 lum
243 2080 353 2146 parare
376 2070 407 2125 et
427 2059 564 2126 maxime
582 2082 633 2138 ea,
660 2081 741 2145 quae
763 2060 805 2125 ad
826 2083 920 2126 usum
942 2061 1075 2128 navium
1091 2062 1178 2150 perti·

155 2162 244 2233 nent,
261 2152 424 2241 providere
441 2154 620 2233 instituunt,
639 2153 700 2220 hoc
717 2154 834 2220 maiore
852 2177 923 2240 spe,
945 2155 1032 2239 quod
1050 2155 1179 2223 multun

155 2259 267 2317 natura
292 2249 353 2315 loci
379 2249 584 2317 confidebant.
632 2249 790 2337 pedestria
818 2271 889 2315 esse
914 2249 1026 2315 itinera
1059 2252 1179 2319 concisa

156 2344 333 2423 aestuariis,
364 2345 596 2433 navigationem
622 2344 804 2430 impeditam
834 2353 960 2430 propter
985 2344 1181 2412 inscientiam

156 2438 296 2504 locorum
312 2439 562 2524 paucitatemque
583 2448 731 2524 portuum
754 2438 908 2517 sciebant,
935 2460 1040 2523 neque
1059 2448 1179 2507 nostros

156 2532 310 2598 exercitus
327 2541 455 2618 propter
471 2532 620 2598 frumenti
635 2533 776 2620 inopiam
789 2532 906 2598 diutius
920 2532 1005 2619 apud
1018 2555 1056 2598 se
1070 2535 1180 2603 morari

155 2649 250 2715 posse
267 2625 477 2693 confidebant:
500 2649 537 2692 ac
553 2627 618 2693 iam
635 2638 670 2693 ut
688 2629 793 2695 omnia
810 2637 918 2694 contra
934 2627 1118 2714 opinionem
1135 2650 1179 2696 ac·

156 2722 303 2801 ciderent,
322 2731 427 2788 tamen
444 2744 479 2787 se
495 2722 665 2808 plurimum
681 2723 815 2790 navibus
828 2745 933 2809 posse,
952 2722 1118 2791 Romanos
1131 2745 1178 2790 no·

156 2840 218 2902 que
235 2816 331 2882 ullam
348 2816 529 2883 facultatem
546 2817 662 2884 habere
683 2818 825 2896 navium,
847 2839 949 2903 neque
971 2838 1083 2884 eorum
1099 2816 1178 2885 loco-

155 2934 240 2990 rum
267 2909 322 2976 ubi
348 2909 466 2978 bellum
491 2911 611 3000 gesturi
637 2921 756 2990 essent,
783 2911 878 2990 vada,
905 2919 1029 2999 portus,
1062 2912 1175 2980 insulas

156 3005 296 3084 novisse3
323 3004 481 3093 solonge
507 3005 602 3070 aliam
627 3028 697 3071 esse
723 3005 955 3093 navigationem
975 3007 1010 3072 in
1032 3007 1174 3087 concluso

156 3099 235 3164 mari
257 3106 349 3183 atque
371 3099 404 3164 in
425 3099 604 3165 vastissimo
626 3108 720 3184 atque
743 3099 939 3186 apertissimo
958 3096 1092 3169 Oceano
1112 3123 1173 3190 per·

157 3192 338 3278 spiciebant.
382 3192 431 3259 his
449 3193 533 3259 initis
552 3193 688 3258 consiliis
706 3194 823 3280 oppida
844 3194 1002 3273 muniunt,
1024 3195 1173 3262 frumenta

157 3309 197 3351 cx
210 3286 294 3373 agris
308 3286 341 3350 in
350 3287 466 3375 oppida
478 3296 682 3373 comportant,
696 3309 794 3354 naves
802 3287 1020 3367 inVenetiam,
1034 3289 1092 3356 ubi
1100 3289 1173 3356 an-

157 3403 258 3447 sarem
271 3380 406 3467 primum
420 3403 490 3448 esse
503 3381 620 3448 bellum
633 3391 796 3468 gesturum
811 3382 984 3461 constabat,
1003 3404 1101 3467 quam
1112 3383 1173 3470 plu-

155 3475 252 3541 rimas
269 3485 410 3562 possunt,
429 3486 555 3564 cogunt
583 3477 685 3542 socios
705 3477 765 3543 sibi
782 3477 823 3542 ad
839 3478 872 3542 id
889 3476 1007 3543 bellum
1022 3475 1173 3556 Osismos,

156 3569 330 3650 Lexovios,
355 3569 540 3651 Namnetes,
566 3571 771 3650 Ambiliatos,
794 3571 952 3652 Morinos,
974 3570 1173 3652 Diablintres,

155 3664 322 3753 Menapios
345 3667 537 3747 adsciscunt3
563 3668 680 3734 auxilia
701 3691 741 3734 ex
762 3667 939 3746 Britannia,
966 3691 1048 3754 quae
1076 3678 1175 3737 contre

66 3803 69 3810 ·
108 3776 140 3826 10
157 3781 211 3826 eas
228 3762 372 3848 regiones
389 3761 493 3849 posita
510 3771 567 3841 est,
586 3772 758 3828 arcessunt.
799 3773 886 3828 erant
902 3763 962 3829 hae
980 3763 1175 3832 difficultates

158 3854 231 3920 belli
247 3857 386 3942 gerendi,
404 3879 484 3942 quas
498 3880 593 3944 supra
604 3858 808 3937 ostendimus,
828 3859 885 3925 sed
897 3858 996 3924 multa
1010 3858 1176 3928 Caesarem

154 3957 258 4014 tamen
276 3950 317 4015 ad
333 3949 367 4016 id
385 3950 503 4018 bellum
524 3951 708 4019 incitabant:
734 3953 865 4019 iniuriae
886 3963 1077 4020 retentorum
1095 3954 1178 4042 eqni·

138 4051 207 4110 tum
224 4043 467 4130 Romanorum,
485 4046 621 4117 rebellio
637 4047 726 4115 tacta
739 4057 818 4136 post
833 4047 1042 4122 cambonem,
1055 4049 1186 4112 betec'no
