<?xml version="1.0" encoding="UTF-8"?>
<!DOCTYPE html PUBLIC "-//W3C//DTD XHTML 1.0 Transitional//EN"
    "http://www.w3.org/TR/xhtml1/DTD/xhtml1-transitional.dtd">
<html xmlns="http://www.w3.org/1999/xhtml" xml:lang="en" lang="en">
 <head>
  <title>
</title>
<meta http-equiv="Content-Type" content="text/html;charset=utf-8" />
  <meta name='ocr-system' content='tesseract 3.04.00' />
  <meta name='ocr-capabilities' content='ocr_page ocr_carea ocr_par ocr_line ocrx_word'/>
</head>
<body>
  <div class='ocr_page' id='page_1' title='image "./ciuliicaesarisc01krangoog_0078.png"; bbox 0 0 2414 4336; ppageno 0'>
   <div class='ocr_carea' id='block_1_1' title="bbox 183 236 885 306">
    <p class='ocr_par' dir='ltr' id='par_1_1' title="bbox 183 236 885 306">
     <span class='ocr_line' id='line_1_1' title="bbox 183 236 885 306; baseline 0.003 -3"><span class='ocrx_word' id='word_1_1' title='bbox 183 236 225 303; x_wconf 79' lang='grc'>72</span> <span class='ocrx_word' id='word_1_2' title='bbox 497 247 550 305; x_wconf 82' lang='grc' dir='ltr'>ΒΕ</span> <span class='ocrx_word' id='word_1_3' title='bbox 568 248 696 305; x_wconf 86' lang='lat' dir='ltr'>BELLO</span> <span class='ocrx_word' id='word_1_4' title='bbox 716 244 885 306; x_wconf 76' lang='lat' dir='ltr'>esuulco</span> 
     </span>
    </p>
   </div>
   <div class='ocr_carea' id='block_1_2' title="bbox 145 372 1207 4146">
    <p class='ocr_par' dir='ltr' id='par_1_2' title="bbox 145 372 1207 4146">
     <span class='ocr_line' id='line_1_2' title="bbox 179 372 1194 460; baseline 0.002 -21"><span class='ocrx_word' id='word_1_5' title='bbox 179 373 214 439; x_wconf 89' lang='lat' dir='ltr'>hi</span> <span class='ocrx_word' id='word_1_6' title='bbox 237 393 340 458; x_wconf 90' lang='lat' dir='ltr'>neque</span> <span class='ocrx_word' id='word_1_7' title='bbox 361 373 403 439; x_wconf 88' lang='lat' dir='ltr'>ad</span> <span class='ocrx_word' id='word_1_8' title='bbox 424 373 556 439; x_wconf 89' lang='lat' dir='ltr'>concilia</span> <span class='ocrx_word' id='word_1_9' title='bbox 581 373 749 440; x_wconf 86' lang='lat' dir='ltr'>veniebant</span> <span class='ocrx_word' id='word_1_10' title='bbox 774 393 877 458; x_wconf 90' lang='lat' dir='ltr'>neque</span> <span class='ocrx_word' id='word_1_11' title='bbox 902 372 1041 460; x_wconf 87' lang='lat' dir='ltr'>imperio</span> <span class='ocrx_word' id='word_1_12' title='bbox 1070 404 1091 430; x_wconf 69' lang='lat' dir='ltr'>u</span> <span class='ocrx_word' id='word_1_13' title='bbox 1116 405 1150 430; x_wconf 12' lang='lat' dir='ltr'>„i</span> <span class='ocrx_word' id='word_1_14' title='bbox 1193 415 1194 421; x_wconf 22' lang='grc' dir='ltr'><strong>κ</strong></span> 
     </span>
     <span class='ocr_line' id='line_1_3' title="bbox 147 400 1207 574; baseline -0.006 -33"><span class='ocrx_word' id='word_1_15' title='bbox 147 489 164 541; x_wconf 77' lang='lat' dir='ltr'>a</span> <span class='ocrx_word' id='word_1_16' title='bbox 183 464 421 554; x_wconf 76' lang='lat' dir='ltr'>Germanosque</span> <span class='ocrx_word' id='word_1_17' title='bbox 439 466 696 535; x_wconf 87' lang='lat' dir='ltr'>Transrhenanos</span> <span class='ocrx_word' id='word_1_18' title='bbox 715 467 882 535; x_wconf 88' lang='lat' dir='ltr'>sollicitare</span> <span class='ocrx_word' id='word_1_19' title='bbox 899 466 1095 535; x_wconf 80' lang='lat' dir='ltr'>dicebantur.</span> <span class='ocrx_word' id='word_1_20' title='bbox 1131 504 1140 525; x_wconf 75' lang='grc' dir='ltr'>ι·</span> <span class='ocrx_word' id='word_1_21' title='bbox 1186 400 1207 574; x_wconf 61' lang='lat'><strong>¹</strong></span> 
     </span>
     <span class='ocr_line' id='line_1_4' title="bbox 179 559 1206 650; baseline 0 -21"><span class='ocrx_word' id='word_1_22' title='bbox 179 563 289 629; x_wconf 87' lang='lat' dir='ltr'>civitas</span> <span class='ocrx_word' id='word_1_23' title='bbox 311 562 405 650; x_wconf 89' lang='lat' dir='ltr'>longe</span> <span class='ocrx_word' id='word_1_24' title='bbox 425 562 596 649; x_wconf 91' lang='lat' dir='ltr'>plurimum</span> <span class='ocrx_word' id='word_1_25' title='bbox 618 564 713 630; x_wconf 90' lang='lat' dir='ltr'>totius</span> <span class='ocrx_word' id='word_1_26' title='bbox 732 560 856 630; x_wconf 84' lang='lat' dir='ltr'>Galliae</span> <span class='ocrx_word' id='word_1_27' title='bbox 877 562 1027 647; x_wconf 90' lang='lat' dir='ltr'>equitatu</span> <span class='ocrx_word' id='word_1_28' title='bbox 1046 562 1122 629; x_wconf 83' lang='lat' dir='ltr'>valet</span> <span class='ocrx_word' id='word_1_29' title='bbox 1139 601 1148 619; x_wconf 59' lang='lat' dir='ltr'>u</span> <span class='ocrx_word' id='word_1_30' title='bbox 1189 559 1206 603; x_wconf 63' lang='lat'>¹·</span> 
     </span>
     <span class='ocr_line' id='line_1_5' title="bbox 178 656 1150 746; baseline 0 -23"><span class='ocrx_word' id='word_1_31' title='bbox 178 679 320 746; x_wconf 82' lang='lat' dir='ltr'>gnasque</span> <span class='ocrx_word' id='word_1_32' title='bbox 337 656 433 722; x_wconf 90' lang='lat' dir='ltr'>habet</span> <span class='ocrx_word' id='word_1_33' title='bbox 451 658 557 743; x_wconf 88' lang='lat' dir='ltr'>copias</span> <span class='ocrx_word' id='word_1_34' title='bbox 575 658 725 743; x_wconf 87' lang='lat' dir='ltr'>peditum,</span> <span class='ocrx_word' id='word_1_35' title='bbox 743 657 970 741; x_wconf 84' lang='lat' dir='ltr'><strong>Rhenumque,</strong></span> <span class='ocrx_word' id='word_1_36' title='bbox 990 664 1131 745; x_wconf 77' lang='lat' dir='ltr'>utsupra</span> <span class='ocrx_word' id='word_1_37' title='bbox 1148 689 1150 713; x_wconf 57' lang='grc' dir='ltr'><strong>ι</strong></span> 
     </span>
     <span class='ocr_line' id='line_1_6' title="bbox 178 751 1207 856; baseline -0.003 -36"><span class='ocrx_word' id='word_1_38' title='bbox 178 752 436 831; x_wconf 86' lang='lat' dir='ltr'>monstravimus,</span> <span class='ocrx_word' id='word_1_39' title='bbox 464 754 573 839; x_wconf 87' lang='lat' dir='ltr'>tangit.</span> <span class='ocrx_word' id='word_1_40' title='bbox 617 752 651 818; x_wconf 87' lang='lat' dir='ltr'>in</span> <span class='ocrx_word' id='word_1_41' title='bbox 672 774 711 818; x_wconf 92' lang='lat' dir='ltr'>ea</span> <span class='ocrx_word' id='word_1_42' title='bbox 732 752 857 818; x_wconf 85' lang='lat' dir='ltr'>civitate</span> <span class='ocrx_word' id='word_1_43' title='bbox 879 752 946 818; x_wconf 91' lang='lat' dir='ltr'>duo</span> <span class='ocrx_word' id='word_1_44' title='bbox 970 751 1015 817; x_wconf 89' lang='lat' dir='ltr'>de</span> <span class='ocrx_word' id='word_1_45' title='bbox 1036 751 1138 839; x_wconf 60' lang='lat' dir='ltr'>prrn&#39;eu</span> <span class='ocrx_word' id='word_1_46' title='bbox 1194 775 1207 856; x_wconf 43' lang='grc' dir='ltr'><em>ὲ</em></span> 
     </span>
     <span class='ocr_line' id='line_1_7' title="bbox 179 843 1207 952; baseline 0 -39"><span class='ocrx_word' id='word_1_47' title='bbox 179 848 261 913; x_wconf 89' lang='lat' dir='ltr'>inter</span> <span class='ocrx_word' id='word_1_48' title='bbox 286 868 321 912; x_wconf 90' lang='lat' dir='ltr'>ee</span> <span class='ocrx_word' id='word_1_49' title='bbox 347 847 589 926; x_wconf 89' lang='lat' dir='ltr'>contendebant,</span> <span class='ocrx_word' id='word_1_50' title='bbox 619 846 853 913; x_wconf 81' lang='lat' dir='ltr'>Indutiomarus</span> <span class='ocrx_word' id='word_1_51' title='bbox 881 854 914 912; x_wconf 94' lang='lat' dir='ltr'>et</span> <span class='ocrx_word' id='word_1_52' title='bbox 941 843 1161 933; x_wconf 54' lang='lat' dir='ltr'>Cingetorixp</span> <span class='ocrx_word' id='word_1_53' title='bbox 1198 899 1207 952; x_wconf 56' lang='grc' dir='ltr'>Ι</span> 
     </span>
     <span class='ocr_line' id='line_1_8' title="bbox 179 939 1207 1028; baseline 0.002 -22"><span class='ocrx_word' id='word_1_54' title='bbox 179 940 294 1028; x_wconf 90' lang='lat' dir='ltr'>quibus</span> <span class='ocrx_word' id='word_1_55' title='bbox 311 939 398 1020; x_wconf 87' lang='lat' dir='ltr'>alter,</span> <span class='ocrx_word' id='word_1_56' title='bbox 418 940 605 1025; x_wconf 75' lang='lat' dir='ltr'>simulatque</span> <span class='ocrx_word' id='word_1_57' title='bbox 619 941 658 1007; x_wconf 92' lang='lat' dir='ltr'>de</span> <span class='ocrx_word' id='word_1_58' title='bbox 673 940 820 1007; x_wconf 80' lang='lat' dir='ltr'>Caesaris</span> <span class='ocrx_word' id='word_1_59' title='bbox 832 939 1063 1027; x_wconf 84' lang='lat' dir='ltr'>legionumque</span> <span class='ocrx_word' id='word_1_60' title='bbox 1073 940 1123 1007; x_wconf 49' lang='lat' dir='ltr'>ad«</span> <span class='ocrx_word' id='word_1_61' title='bbox 1135 972 1151 996; x_wconf 57' lang='lat' dir='ltr'>a«</span> <span class='ocrx_word' id='word_1_62' title='bbox 1205 995 1207 1018; x_wconf 75' lang='lat'>,</span> 
     </span>
     <span class='ocr_line' id='line_1_9' title="bbox 180 1034 1168 1122; baseline 0 -21"><span class='ocrx_word' id='word_1_63' title='bbox 180 1034 341 1122; x_wconf 89' lang='lat' dir='ltr'>cognitum</span> <span class='ocrx_word' id='word_1_64' title='bbox 359 1044 421 1114; x_wconf 90' lang='lat' dir='ltr'>est,</span> <span class='ocrx_word' id='word_1_65' title='bbox 444 1035 486 1100; x_wconf 90' lang='lat' dir='ltr'>ad</span> <span class='ocrx_word' id='word_1_66' title='bbox 502 1057 575 1100; x_wconf 90' lang='lat' dir='ltr'>cum</span> <span class='ocrx_word' id='word_1_67' title='bbox 592 1035 691 1114; x_wconf 89' lang='lat' dir='ltr'>venit,</span> <span class='ocrx_word' id='word_1_68' title='bbox 715 1058 749 1101; x_wconf 94' lang='lat' dir='ltr'>se</span> <span class='ocrx_word' id='word_1_69' title='bbox 768 1055 906 1120; x_wconf 87' lang='lat' dir='ltr'>suosque</span> <span class='ocrx_word' id='word_1_70' title='bbox 924 1056 1040 1103; x_wconf 90' lang='lat' dir='ltr'>omnes</span> <span class='ocrx_word' id='word_1_71' title='bbox 1056 1035 1091 1101; x_wconf 90' lang='lat' dir='ltr'>in</span> <span class='ocrx_word' id='word_1_72' title='bbox 1104 1034 1168 1101; x_wconf 70' lang='lat' dir='ltr'>oo·</span> 
     </span>
     <span class='ocr_line' id='line_1_10' title="bbox 178 1129 1154 1216; baseline 0.001 -20"><span class='ocrx_word' id='word_1_73' title='bbox 178 1130 302 1197; x_wconf 90' lang='lat' dir='ltr'>futuros</span> <span class='ocrx_word' id='word_1_74' title='bbox 319 1150 420 1214; x_wconf 92' lang='lat' dir='ltr'>neque</span> <span class='ocrx_word' id='word_1_75' title='bbox 438 1129 478 1195; x_wconf 92' lang='lat' dir='ltr'>ab</span> <span class='ocrx_word' id='word_1_76' title='bbox 496 1130 632 1195; x_wconf 90' lang='lat' dir='ltr'>amicitia</span> <span class='ocrx_word' id='word_1_77' title='bbox 653 1129 762 1216; x_wconf 92' lang='lat' dir='ltr'>populi</span> <span class='ocrx_word' id='word_1_78' title='bbox 778 1129 915 1195; x_wconf 90' lang='lat' dir='ltr'>Romani</span> <span class='ocrx_word' id='word_1_79' title='bbox 937 1129 1118 1197; x_wconf 76' lang='lat' dir='ltr'>defectuum</span> <span class='ocrx_word' id='word_1_80' title='bbox 1137 1162 1154 1185; x_wconf 70' lang='lat' dir='ltr'>o</span> 
     </span>
     <span class='ocr_line' id='line_1_11' title="bbox 179 1223 1177 1311; baseline -0.004 -21"><span class='ocrx_word' id='word_1_81' title='bbox 179 1225 314 1290; x_wconf 84' lang='lat' dir='ltr'>firmavit</span> <span class='ocrx_word' id='word_1_82' title='bbox 335 1245 477 1310; x_wconf 88' lang='lat' dir='ltr'>quaeque</span> <span class='ocrx_word' id='word_1_83' title='bbox 494 1225 528 1289; x_wconf 93' lang='lat' dir='ltr'>in</span> <span class='ocrx_word' id='word_1_84' title='bbox 545 1223 691 1290; x_wconf 80' lang='lat' dir='ltr'>Treveris</span> <span class='ocrx_word' id='word_1_85' title='bbox 713 1234 896 1311; x_wconf 89' lang='lat' dir='ltr'>gererentur</span> <span class='ocrx_word' id='word_1_86' title='bbox 912 1224 1065 1291; x_wconf 83' lang='lat' dir='ltr'>ostendit.</span> <span class='ocrx_word' id='word_1_87' title='bbox 1106 1234 1136 1291; x_wconf 88' lang='lat' dir='ltr'>at</span> <span class='ocrx_word' id='word_1_88' title='bbox 1173 1277 1177 1286; x_wconf 33' lang='lat' dir='ltr'>r</span> 
     </span>
     <span class='ocr_line' id='line_1_12' title="bbox 180 1318 1169 1406; baseline 0 -21"><span class='ocrx_word' id='word_1_89' title='bbox 180 1320 372 1386; x_wconf 90' lang='lat' dir='ltr'>dutiomarus</span> <span class='ocrx_word' id='word_1_90' title='bbox 390 1320 562 1404; x_wconf 77' lang='lat' dir='ltr'>equitatum</span> <span class='ocrx_word' id='word_1_91' title='bbox 579 1319 814 1405; x_wconf 80' lang='lat' dir='ltr'>peditatumque</span> <span class='ocrx_word' id='word_1_92' title='bbox 827 1340 941 1406; x_wconf 89' lang='lat' dir='ltr'>cogere</span> <span class='ocrx_word' id='word_1_93' title='bbox 954 1318 1071 1404; x_wconf 91' lang='lat' dir='ltr'>iisque,</span> <span class='ocrx_word' id='word_1_94' title='bbox 1088 1319 1139 1405; x_wconf 90' lang='lat' dir='ltr'>qui</span> <span class='ocrx_word' id='word_1_95' title='bbox 1154 1350 1169 1374; x_wconf 53' lang='grc' dir='ltr'>ι1</span> 
     </span>
     <span class='ocr_line' id='line_1_13' title="bbox 178 1412 1164 1498; baseline 0 -19"><span class='ocrx_word' id='word_1_96' title='bbox 178 1423 313 1479; x_wconf 84' lang='lat' dir='ltr'>aetatem</span> <span class='ocrx_word' id='word_1_97' title='bbox 329 1414 363 1479; x_wconf 92' lang='lat' dir='ltr'>in</span> <span class='ocrx_word' id='word_1_98' title='bbox 380 1414 475 1479; x_wconf 89' lang='lat' dir='ltr'>armis</span> <span class='ocrx_word' id='word_1_99' title='bbox 493 1435 564 1478; x_wconf 89' lang='lat' dir='ltr'>esse</span> <span class='ocrx_word' id='word_1_100' title='bbox 581 1436 645 1479; x_wconf 94' lang='lat' dir='ltr'>non</span> <span class='ocrx_word' id='word_1_101' title='bbox 656 1421 809 1498; x_wconf 82' lang='lat' dir='ltr'>poterant,</span> <span class='ocrx_word' id='word_1_102' title='bbox 827 1412 861 1476; x_wconf 92' lang='lat' dir='ltr'>in</span> <span class='ocrx_word' id='word_1_103' title='bbox 874 1412 990 1478; x_wconf 88' lang='lat' dir='ltr'>silvam</span> <span class='ocrx_word' id='word_1_104' title='bbox 1003 1412 1126 1479; x_wconf 60' lang='lat' dir='ltr'>Atura</span> <span class='ocrx_word' id='word_1_105' title='bbox 1141 1444 1164 1469; x_wconf 50' lang='lat'>=÷=</span> 
     </span>
     <span class='ocr_line' id='line_1_14' title="bbox 179 1465 1207 1614; baseline 0 -40"><span class='ocrx_word' id='word_1_106' title='bbox 179 1507 303 1587; x_wconf 87' lang='lat' dir='ltr'>abditis,</span> <span class='ocrx_word' id='word_1_107' title='bbox 321 1530 403 1592; x_wconf 91' lang='lat' dir='ltr'>quae</span> <span class='ocrx_word' id='word_1_108' title='bbox 419 1508 540 1594; x_wconf 86' lang='lat' dir='ltr'>ingenti</span> <span class='ocrx_word' id='word_1_109' title='bbox 556 1507 771 1595; x_wconf 88' lang='lat' dir='ltr'>magnitudine</span> <span class='ocrx_word' id='word_1_110' title='bbox 788 1528 845 1592; x_wconf 87' lang='lat' dir='ltr'>per</span> <span class='ocrx_word' id='word_1_111' title='bbox 860 1506 984 1573; x_wconf 89' lang='lat' dir='ltr'>medios</span> <span class='ocrx_word' id='word_1_112' title='bbox 999 1498 1082 1574; x_wconf 79' lang='lat' dir='ltr'>fines</span> <span class='ocrx_word' id='word_1_113' title='bbox 1142 1538 1170 1562; x_wconf 51' lang='grc' dir='ltr'><strong>ὐ</strong></span> <span class='ocrx_word' id='word_1_114' title='bbox 1199 1465 1207 1614; x_wconf 67' lang='lat' dir='ltr'>l</span> 
     </span>
     <span class='ocr_line' id='line_1_15' title="bbox 178 1601 1207 1712; baseline -0.002 -43"><span class='ocrx_word' id='word_1_115' title='bbox 178 1625 285 1669; x_wconf 91' lang='lat' dir='ltr'>rorum</span> <span class='ocrx_word' id='word_1_116' title='bbox 303 1627 322 1666; x_wconf 93' lang='lat' dir='ltr'>a</span> <span class='ocrx_word' id='word_1_117' title='bbox 338 1603 466 1668; x_wconf 88' lang='lat' dir='ltr'>flumine</span> <span class='ocrx_word' id='word_1_118' title='bbox 479 1602 593 1666; x_wconf 89' lang='lat' dir='ltr'>Rheno</span> <span class='ocrx_word' id='word_1_119' title='bbox 605 1601 647 1667; x_wconf 91' lang='lat' dir='ltr'>ad</span> <span class='ocrx_word' id='word_1_120' title='bbox 659 1602 782 1667; x_wconf 91' lang='lat' dir='ltr'>initium</span> <span class='ocrx_word' id='word_1_121' title='bbox 793 1601 967 1667; x_wconf 88' lang='lat' dir='ltr'>Remorum</span> <span class='ocrx_word' id='word_1_122' title='bbox 982 1602 1127 1688; x_wconf 82' lang='lat' dir='ltr'>pertinet,</span> <span class='ocrx_word' id='word_1_123' title='bbox 1147 1633 1164 1657; x_wconf 71' lang='grc' dir='ltr'>ιι</span> <span class='ocrx_word' id='word_1_124' title='bbox 1194 1631 1207 1712; x_wconf 53' lang='lat' dir='ltr'>fl*</span> 
     </span>
     <span class='ocr_line' id='line_1_16' title="bbox 179 1696 1207 1785; baseline 0.003 -24"><span class='ocrx_word' id='word_1_125' title='bbox 179 1696 246 1762; x_wconf 93' lang='lat' dir='ltr'>lum</span> <span class='ocrx_word' id='word_1_126' title='bbox 262 1719 372 1782; x_wconf 88' lang='lat' dir='ltr'>parare</span> <span class='ocrx_word' id='word_1_127' title='bbox 389 1696 535 1775; x_wconf 84' lang='lat' dir='ltr'>instituit3</span> <span class='ocrx_word' id='word_1_128' title='bbox 553 1697 611 1761; x_wconf 86' lang='lat' dir='ltr'>sed</span> <span class='ocrx_word' id='word_1_129' title='bbox 624 1707 830 1783; x_wconf 84' lang='lat' dir='ltr'>posteaquam</span> <span class='ocrx_word' id='word_1_130' title='bbox 843 1696 987 1762; x_wconf 90' lang='lat' dir='ltr'>nonnulli</span> <span class='ocrx_word' id='word_1_131' title='bbox 999 1697 1167 1785; x_wconf 76' lang='lat' dir='ltr'>principes</span> <span class='ocrx_word' id='word_1_132' title='bbox 1197 1715 1207 1741; x_wconf 73' lang='lat'>‘&#39;-</span> 
     </span>
     <span class='ocr_line' id='line_1_17' title="bbox 180 1744 1207 1922; baseline 0.003 -66"><span class='ocrx_word' id='word_1_133' title='bbox 180 1813 218 1856; x_wconf 90' lang='lat' dir='ltr'>ea</span> <span class='ocrx_word' id='word_1_134' title='bbox 235 1791 359 1856; x_wconf 86' lang='lat' dir='ltr'>civitate</span> <span class='ocrx_word' id='word_1_135' title='bbox 377 1800 408 1855; x_wconf 91' lang='lat' dir='ltr'>et</span> <span class='ocrx_word' id='word_1_136' title='bbox 424 1791 633 1857; x_wconf 84' lang='lat' dir='ltr'>familiaritate</span> <span class='ocrx_word' id='word_1_137' title='bbox 647 1790 857 1878; x_wconf 83' lang='lat' dir='ltr'>Cingetorigis</span> <span class='ocrx_word' id='word_1_138' title='bbox 875 1791 1007 1857; x_wconf 85' lang='lat' dir='ltr'>adducti</span> <span class='ocrx_word' id='word_1_139' title='bbox 1025 1802 1058 1858; x_wconf 93' lang='lat' dir='ltr'>et</span> <span class='ocrx_word' id='word_1_140' title='bbox 1075 1792 1166 1859; x_wconf 55' lang='lat' dir='ltr'>adea</span> <span class='ocrx_word' id='word_1_141' title='bbox 1191 1744 1207 1922; x_wconf 59' lang='grc' dir='ltr'><strong>ξ</strong></span> 
     </span>
     <span class='ocr_line' id='line_1_18' title="bbox 178 1884 1162 1970; baseline 0.003 -20"><span class='ocrx_word' id='word_1_142' title='bbox 178 1887 278 1951; x_wconf 88' lang='lat' dir='ltr'>nostri</span> <span class='ocrx_word' id='word_1_143' title='bbox 296 1885 450 1951; x_wconf 87' lang='lat' dir='ltr'>exercitus</span> <span class='ocrx_word' id='word_1_144' title='bbox 468 1885 622 1970; x_wconf 78' lang='lat' dir='ltr'>perterriti</span> <span class='ocrx_word' id='word_1_145' title='bbox 638 1887 680 1951; x_wconf 89' lang='lat' dir='ltr'>ad</span> <span class='ocrx_word' id='word_1_146' title='bbox 693 1884 863 1951; x_wconf 85' lang='lat' dir='ltr'>Caesarem</span> <span class='ocrx_word' id='word_1_147' title='bbox 876 1895 1034 1951; x_wconf 89' lang='lat' dir='ltr'>venerunt</span> <span class='ocrx_word' id='word_1_148' title='bbox 1046 1896 1079 1952; x_wconf 87' lang='lat' dir='ltr'>et</span> <span class='ocrx_word' id='word_1_149' title='bbox 1090 1887 1127 1953; x_wconf 87' lang='lat' dir='ltr'>de</span> <span class='ocrx_word' id='word_1_150' title='bbox 1142 1914 1162 1941; x_wconf 54' lang='lat' dir='ltr'>w</span> 
     </span>
     <span class='ocr_line' id='line_1_19' title="bbox 179 1930 1207 2085; baseline 0.004 -41"><span class='ocrx_word' id='word_1_151' title='bbox 179 1979 325 2064; x_wconf 88' lang='lat' dir='ltr'>privatim</span> <span class='ocrx_word' id='word_1_152' title='bbox 345 1979 440 2045; x_wconf 91' lang='lat' dir='ltr'>rebus</span> <span class='ocrx_word' id='word_1_153' title='bbox 462 1978 502 2043; x_wconf 89' lang='lat' dir='ltr'>ab</span> <span class='ocrx_word' id='word_1_154' title='bbox 525 2001 563 2045; x_wconf 91' lang='lat' dir='ltr'>eo</span> <span class='ocrx_word' id='word_1_155' title='bbox 579 1989 685 2065; x_wconf 89' lang='lat' dir='ltr'>petere</span> <span class='ocrx_word' id='word_1_156' title='bbox 708 1988 890 2066; x_wconf 90' lang='lat' dir='ltr'>coeperunt,</span> <span class='ocrx_word' id='word_1_157' title='bbox 917 1980 1072 2063; x_wconf 85' lang='lat' dir='ltr'>quoniam</span> <span class='ocrx_word' id='word_1_158' title='bbox 1191 1930 1207 2085; x_wconf 64' lang='lat' dir='ltr'>l</span> 
     </span>
     <span class='ocr_line' id='line_1_20' title="bbox 180 2073 1207 2205; baseline 0.001 -66"><span class='ocrx_word' id='word_1_159' title='bbox 180 2073 342 2139; x_wconf 90' lang='lat' dir='ltr'>consulere</span> <span class='ocrx_word' id='word_1_160' title='bbox 359 2096 422 2139; x_wconf 94' lang='lat' dir='ltr'>non</span> <span class='ocrx_word' id='word_1_161' title='bbox 439 2084 581 2160; x_wconf 86' lang='lat' dir='ltr'>possent,</span> <span class='ocrx_word' id='word_1_162' title='bbox 604 2074 736 2152; x_wconf 89' lang='lat' dir='ltr'>veritus,</span> <span class='ocrx_word' id='word_1_163' title='bbox 759 2095 799 2139; x_wconf 91' lang='lat' dir='ltr'>ne</span> <span class='ocrx_word' id='word_1_164' title='bbox 816 2073 856 2139; x_wconf 91' lang='lat' dir='ltr'>ab</span> <span class='ocrx_word' id='word_1_165' title='bbox 878 2074 1030 2141; x_wconf 91' lang='lat' dir='ltr'>omnibus</span> <span class='ocrx_word' id='word_1_166' title='bbox 1053 2075 1120 2140; x_wconf 81' lang='lat' dir='ltr'>d·=·</span> <span class='ocrx_word' id='word_1_167' title='bbox 1143 2104 1166 2128; x_wconf 52' lang='lat' dir='ltr'>a</span> <span class='ocrx_word' id='word_1_168' title='bbox 1193 2089 1207 2205; x_wconf 61' lang='lat'>&#39;¹</span> 
     </span>
     <span class='ocr_line' id='line_1_21' title="bbox 181 2166 1207 2303; baseline 0.004 -70"><span class='ocrx_word' id='word_1_169' title='bbox 181 2179 239 2248; x_wconf 87' lang='lat' dir='ltr'>tur,</span> <span class='ocrx_word' id='word_1_170' title='bbox 260 2166 522 2257; x_wconf 91' lang='lat' dir='ltr'>[Indutiomarus]</span> <span class='ocrx_word' id='word_1_171' title='bbox 545 2168 666 2255; x_wconf 86' lang='lat' dir='ltr'>legatos</span> <span class='ocrx_word' id='word_1_172' title='bbox 685 2170 726 2234; x_wconf 90' lang='lat' dir='ltr'>ad</span> <span class='ocrx_word' id='word_1_173' title='bbox 745 2168 914 2235; x_wconf 87' lang='lat' dir='ltr'>Caesarem</span> <span class='ocrx_word' id='word_1_174' title='bbox 936 2170 1048 2237; x_wconf 82' lang='lat' dir='ltr'>mittit:</span> <span class='ocrx_word' id='word_1_175' title='bbox 1076 2167 1207 2303; x_wconf 47' lang='lat' dir='ltr'>sese&#39;q</span> 
     </span>
     <span class='ocr_line' id='line_1_22' title="bbox 180 2262 1207 2364; baseline 0.003 -35"><span class='ocrx_word' id='word_1_176' title='bbox 180 2263 262 2329; x_wconf 89' lang='lat' dir='ltr'>circo</span> <span class='ocrx_word' id='word_1_177' title='bbox 281 2263 321 2329; x_wconf 90' lang='lat' dir='ltr'>ab</span> <span class='ocrx_word' id='word_1_178' title='bbox 341 2264 405 2329; x_wconf 92' lang='lat' dir='ltr'>suis</span> <span class='ocrx_word' id='word_1_179' title='bbox 424 2262 584 2328; x_wconf 84' lang='lat' dir='ltr'>discedere</span> <span class='ocrx_word' id='word_1_180' title='bbox 602 2272 696 2348; x_wconf 87' lang='lat' dir='ltr'>atque</span> <span class='ocrx_word' id='word_1_181' title='bbox 713 2264 841 2329; x_wconf 91' lang='lat' dir='ltr'>adeum</span> <span class='ocrx_word' id='word_1_182' title='bbox 853 2263 960 2329; x_wconf 83' lang='lat' dir='ltr'>venire</span> <span class='ocrx_word' id='word_1_183' title='bbox 972 2264 1124 2342; x_wconf 82' lang='lat' dir='ltr'>noluisse,</span> <span class='ocrx_word' id='word_1_184' title='bbox 1144 2289 1177 2319; x_wconf 70' lang='lat' dir='ltr'>u</span> <span class='ocrx_word' id='word_1_185' title='bbox 1197 2274 1207 2364; x_wconf 70' lang='grc' dir='ltr'>Ἰ</span> 
     </span>
     <span class='ocr_line' id='line_1_23' title="bbox 180 2357 1207 2456; baseline 0.003 -34"><span class='ocrx_word' id='word_1_186' title='bbox 180 2359 301 2423; x_wconf 88' lang='lat' dir='ltr'>facilius</span> <span class='ocrx_word' id='word_1_187' title='bbox 320 2359 477 2423; x_wconf 88' lang='lat' dir='ltr'>civitatem</span> <span class='ocrx_word' id='word_1_188' title='bbox 494 2358 528 2422; x_wconf 93' lang='lat' dir='ltr'>in</span> <span class='ocrx_word' id='word_1_189' title='bbox 545 2357 649 2422; x_wconf 88' lang='lat' dir='ltr'>officio</span> <span class='ocrx_word' id='word_1_190' title='bbox 667 2359 847 2436; x_wconf 87' lang='lat' dir='ltr'>contineret,</span> <span class='ocrx_word' id='word_1_191' title='bbox 865 2380 906 2424; x_wconf 92' lang='lat' dir='ltr'>ne</span> <span class='ocrx_word' id='word_1_192' title='bbox 919 2360 1024 2425; x_wconf 88' lang='lat' dir='ltr'>omnis</span> <span class='ocrx_word' id='word_1_193' title='bbox 1038 2358 1164 2427; x_wconf 91' lang='lat' dir='ltr'>nobili</span> <span class='ocrx_word' id='word_1_194' title='bbox 1199 2374 1207 2456; x_wconf 59' lang='lat' dir='ltr'>j</span> 
     </span>
     <span class='ocr_line' id='line_1_24' title="bbox 180 2452 1207 2552; baseline 0.003 -36"><span class='ocrx_word' id='word_1_195' title='bbox 180 2452 322 2518; x_wconf 86' lang='lat' dir='ltr'>discessu</span> <span class='ocrx_word' id='word_1_196' title='bbox 334 2452 424 2538; x_wconf 91' lang='lat' dir='ltr'>plebs</span> <span class='ocrx_word' id='word_1_197' title='bbox 438 2463 565 2538; x_wconf 89' lang='lat' dir='ltr'>propter</span> <span class='ocrx_word' id='word_1_198' title='bbox 577 2453 819 2538; x_wconf 90' lang='lat' dir='ltr'>imprudentiam</span> <span class='ocrx_word' id='word_1_199' title='bbox 831 2452 1005 2520; x_wconf 78' lang='lat' dir='ltr'>labereturr</span> <span class='ocrx_word' id='word_1_200' title='bbox 1022 2455 1127 2539; x_wconf 85' lang='lat' dir='ltr'>itaque</span> <span class='ocrx_word' id='word_1_201' title='bbox 1201 2473 1207 2552; x_wconf 55' lang='lat' dir='ltr'>j</span> 
     </span>
     <span class='ocr_line' id='line_1_25' title="bbox 181 2547 1207 2640; baseline 0.004 -30"><span class='ocrx_word' id='word_1_202' title='bbox 181 2547 338 2611; x_wconf 87' lang='lat' dir='ltr'>civitatem</span> <span class='ocrx_word' id='word_1_203' title='bbox 358 2547 391 2610; x_wconf 94' lang='lat' dir='ltr'>in</span> <span class='ocrx_word' id='word_1_204' title='bbox 413 2569 471 2611; x_wconf 93' lang='lat' dir='ltr'>sua</span> <span class='ocrx_word' id='word_1_205' title='bbox 491 2556 659 2632; x_wconf 88' lang='lat' dir='ltr'>potestate,</span> <span class='ocrx_word' id='word_1_206' title='bbox 682 2569 792 2632; x_wconf 86' lang='lat' dir='ltr'>seque,</span> <span class='ocrx_word' id='word_1_207' title='bbox 816 2548 844 2613; x_wconf 93' lang='lat' dir='ltr'>si</span> <span class='ocrx_word' id='word_1_208' title='bbox 862 2547 983 2614; x_wconf 87' lang='lat' dir='ltr'>Caesar</span> <span class='ocrx_word' id='word_1_209' title='bbox 1004 2549 1181 2633; x_wconf 71' lang='lat' dir='ltr'>permittas,</span> <span class='ocrx_word' id='word_1_210' title='bbox 1204 2571 1207 2640; x_wconf 61' lang='grc' dir='ltr'>Ι</span> 
     </span>
     <span class='ocr_line' id='line_1_26' title="bbox 179 2640 1207 2727; baseline 0.001 -21"><span class='ocrx_word' id='word_1_211' title='bbox 179 2640 221 2706; x_wconf 91' lang='lat' dir='ltr'>ad</span> <span class='ocrx_word' id='word_1_212' title='bbox 237 2663 310 2705; x_wconf 91' lang='lat' dir='ltr'>eum</span> <span class='ocrx_word' id='word_1_213' title='bbox 326 2641 360 2705; x_wconf 93' lang='lat' dir='ltr'>in</span> <span class='ocrx_word' id='word_1_214' title='bbox 377 2651 479 2706; x_wconf 87' lang='lat' dir='ltr'>castra</span> <span class='ocrx_word' id='word_1_215' title='bbox 490 2650 665 2720; x_wconf 90' lang='lat' dir='ltr'>venturum,</span> <span class='ocrx_word' id='word_1_216' title='bbox 685 2665 758 2707; x_wconf 92' lang='lat' dir='ltr'>suas</span> <span class='ocrx_word' id='word_1_217' title='bbox 773 2642 968 2727; x_wconf 86' lang='lat' dir='ltr'>civitatisque</span> <span class='ocrx_word' id='word_1_218' title='bbox 981 2642 1125 2709; x_wconf 80' lang='lat' dir='ltr'>fortunas</span> <span class='ocrx_word' id='word_1_219' title='bbox 1136 2662 1166 2707; x_wconf 76' lang='lat' dir='ltr'>eu</span> <span class='ocrx_word' id='word_1_220' title='bbox 1205 2682 1207 2724; x_wconf 65' lang='lat'>,</span> 
     </span>
     <span class='ocr_line' id='line_1_27' title="bbox 145 2733 1184 2823; baseline 0.001 -21"><span class='ocrx_word' id='word_1_221' title='bbox 145 2756 162 2802; x_wconf 82' lang='grc'>4</span> <span class='ocrx_word' id='word_1_222' title='bbox 179 2735 251 2799; x_wconf 89' lang='lat' dir='ltr'>fidei</span> <span class='ocrx_word' id='word_1_223' title='bbox 268 2735 502 2820; x_wconf 87' lang='lat' dir='ltr'>permissurum.</span> <span class='ocrx_word' id='word_1_224' title='bbox 531 2733 660 2813; x_wconf 88' lang='lat' dir='ltr'>Caesar,</span> <span class='ocrx_word' id='word_1_225' title='bbox 680 2737 739 2801; x_wconf 89' lang='lat' dir='ltr'>etsi</span> <span class='ocrx_word' id='word_1_226' title='bbox 750 2736 960 2823; x_wconf 77' lang='lat' dir='ltr'>intellegebat,</span> <span class='ocrx_word' id='word_1_227' title='bbox 980 2758 1045 2821; x_wconf 90' lang='lat' dir='ltr'>qua</span> <span class='ocrx_word' id='word_1_228' title='bbox 1059 2738 1099 2803; x_wconf 93' lang='lat' dir='ltr'>de</span> <span class='ocrx_word' id='word_1_229' title='bbox 1112 2752 1184 2803; x_wconf 71' lang='lat' dir='ltr'>caut·</span> 
     </span>
     <span class='ocr_line' id='line_1_28' title="bbox 180 2828 1186 2912; baseline 0.002 -19"><span class='ocrx_word' id='word_1_230' title='bbox 180 2851 217 2893; x_wconf 89' lang='lat' dir='ltr'>ea</span> <span class='ocrx_word' id='word_1_231' title='bbox 234 2828 421 2905; x_wconf 83' lang='lat' dir='ltr'>dicerentur,</span> <span class='ocrx_word' id='word_1_232' title='bbox 445 2850 587 2912; x_wconf 89' lang='lat' dir='ltr'>quaeque</span> <span class='ocrx_word' id='word_1_233' title='bbox 609 2851 681 2893; x_wconf 89' lang='lat' dir='ltr'>eum</span> <span class='ocrx_word' id='word_1_234' title='bbox 699 2852 749 2895; x_wconf 92' lang='lat' dir='ltr'>res</span> <span class='ocrx_word' id='word_1_235' title='bbox 772 2829 812 2896; x_wconf 90' lang='lat' dir='ltr'>ab</span> <span class='ocrx_word' id='word_1_236' title='bbox 835 2832 976 2896; x_wconf 87' lang='lat' dir='ltr'>instituto</span> <span class='ocrx_word' id='word_1_237' title='bbox 999 2830 1130 2897; x_wconf 88' lang='lat' dir='ltr'>consilio</span> <span class='ocrx_word' id='word_1_238' title='bbox 1147 2828 1186 2895; x_wconf 86' lang='lat' dir='ltr'>de·</span> 
     </span>
     <span class='ocr_line' id='line_1_29' title="bbox 180 2924 1187 3011; baseline 0.005 -24"><span class='ocrx_word' id='word_1_239' title='bbox 180 2933 316 3000; x_wconf 87' lang='lat' dir='ltr'>terreret,</span> <span class='ocrx_word' id='word_1_240' title='bbox 335 2933 452 3000; x_wconf 87' lang='lat' dir='ltr'>tamen,</span> <span class='ocrx_word' id='word_1_241' title='bbox 471 2945 510 2988; x_wconf 92' lang='lat' dir='ltr'>ne</span> <span class='ocrx_word' id='word_1_242' title='bbox 529 2933 679 2989; x_wconf 86' lang='lat' dir='ltr'>aestatem</span> <span class='ocrx_word' id='word_1_243' title='bbox 695 2924 729 2987; x_wconf 93' lang='lat' dir='ltr'>in</span> <span class='ocrx_word' id='word_1_244' title='bbox 747 2924 892 2990; x_wconf 85' lang='lat' dir='ltr'>Treveris</span> <span class='ocrx_word' id='word_1_245' title='bbox 910 2946 1098 2992; x_wconf 90' lang='lat' dir='ltr'>consumere</span> <span class='ocrx_word' id='word_1_246' title='bbox 1114 2944 1187 3011; x_wconf 85' lang='lat' dir='ltr'>coge·</span> 
     </span>
     <span class='ocr_line' id='line_1_30' title="bbox 178 3016 1188 3107; baseline 0.002 -23"><span class='ocrx_word' id='word_1_247' title='bbox 178 3027 278 3095; x_wconf 90' lang='lat' dir='ltr'>retur,</span> <span class='ocrx_word' id='word_1_248' title='bbox 305 3016 449 3083; x_wconf 90' lang='lat' dir='ltr'>omnibus</span> <span class='ocrx_word' id='word_1_249' title='bbox 468 3018 509 3083; x_wconf 90' lang='lat' dir='ltr'>ad</span> <span class='ocrx_word' id='word_1_250' title='bbox 525 3018 743 3083; x_wconf 87' lang='lat' dir='ltr'>Britannicum</span> <span class='ocrx_word' id='word_1_251' title='bbox 760 3018 877 3085; x_wconf 92' lang='lat' dir='ltr'>bellum</span> <span class='ocrx_word' id='word_1_252' title='bbox 893 3019 988 3086; x_wconf 91' lang='lat' dir='ltr'>rebus</span> <span class='ocrx_word' id='word_1_253' title='bbox 1007 3017 1188 3107; x_wconf 78' lang='lat' dir='ltr'>comparatis</span> 
     </span>
     <span class='ocr_line' id='line_1_31' title="bbox 179 3111 1190 3181; baseline 0.003 -5"><span class='ocrx_word' id='word_1_254' title='bbox 179 3112 427 3177; x_wconf 89' lang='lat' dir='ltr'>Indutiomarum</span> <span class='ocrx_word' id='word_1_255' title='bbox 444 3112 485 3177; x_wconf 88' lang='lat' dir='ltr'>ad</span> <span class='ocrx_word' id='word_1_256' title='bbox 503 3135 537 3178; x_wconf 93' lang='lat' dir='ltr'>se</span> <span class='ocrx_word' id='word_1_257' title='bbox 555 3135 627 3177; x_wconf 92' lang='lat' dir='ltr'>cum</span> <span class='ocrx_word' id='word_1_258' title='bbox 646 3111 704 3179; x_wconf 86' lang='lat' dir='ltr'>CC</span> <span class='ocrx_word' id='word_1_259' title='bbox 723 3112 885 3180; x_wconf 87' lang='lat' dir='ltr'>obsidibus</span> <span class='ocrx_word' id='word_1_260' title='bbox 903 3114 1010 3180; x_wconf 89' lang='lat' dir='ltr'>venire</span> <span class='ocrx_word' id='word_1_261' title='bbox 1027 3115 1129 3181; x_wconf 87' lang='lat' dir='ltr'>iussit.</span> <span class='ocrx_word' id='word_1_262' title='bbox 1152 3112 1190 3179; x_wconf 75' lang='lat' dir='ltr'>b&#39;u</span> 
     </span>
     <span class='ocr_line' id='line_1_32' title="bbox 178 3207 1192 3295; baseline 0.002 -24"><span class='ocrx_word' id='word_1_263' title='bbox 178 3207 330 3285; x_wconf 86' lang='lat' dir='ltr'>adductis,</span> <span class='ocrx_word' id='word_1_264' title='bbox 347 3208 380 3272; x_wconf 93' lang='lat' dir='ltr'>in</span> <span class='ocrx_word' id='word_1_265' title='bbox 397 3207 436 3272; x_wconf 87' lang='lat' dir='ltr'>iis</span> <span class='ocrx_word' id='word_1_266' title='bbox 453 3207 517 3273; x_wconf 87' lang='lat' dir='ltr'>filio</span> <span class='ocrx_word' id='word_1_267' title='bbox 535 3207 780 3293; x_wconf 89' lang='lat' dir='ltr'>propinquisque</span> <span class='ocrx_word' id='word_1_268' title='bbox 798 3209 865 3273; x_wconf 92' lang='lat' dir='ltr'>eius</span> <span class='ocrx_word' id='word_1_269' title='bbox 880 3208 1036 3288; x_wconf 90' lang='lat' dir='ltr'>omnibus,</span> <span class='ocrx_word' id='word_1_270' title='bbox 1054 3231 1136 3295; x_wconf 87' lang='lat' dir='ltr'>quoa</span> <span class='ocrx_word' id='word_1_271' title='bbox 1147 3230 1192 3274; x_wconf 91' lang='lat' dir='ltr'>no·</span> 
     </span>
     <span class='ocr_line' id='line_1_33' title="bbox 177 3301 1193 3380; baseline 0.008 -16"><span class='ocrx_word' id='word_1_272' title='bbox 177 3301 319 3366; x_wconf 91' lang='lat' dir='ltr'>minatim</span> <span class='ocrx_word' id='word_1_273' title='bbox 344 3312 542 3380; x_wconf 88' lang='lat' dir='ltr'>evocaverat,</span> <span class='ocrx_word' id='word_1_274' title='bbox 570 3301 747 3367; x_wconf 89' lang='lat' dir='ltr'>consolatus</span> <span class='ocrx_word' id='word_1_275' title='bbox 773 3302 1024 3368; x_wconf 88' lang='lat' dir='ltr'>Indutiomarum</span> <span class='ocrx_word' id='word_1_276' title='bbox 1048 3302 1193 3371; x_wconf 79' lang='lat' dir='ltr'>hortatur·</span> 
     </span>
     <span class='ocr_line' id='line_1_34' title="bbox 178 3397 1192 3483; baseline 0.004 -24"><span class='ocrx_word' id='word_1_277' title='bbox 178 3417 240 3479; x_wconf 90' lang='lat' dir='ltr'>que</span> <span class='ocrx_word' id='word_1_278' title='bbox 266 3406 327 3474; x_wconf 92' lang='lat' dir='ltr'>est,</span> <span class='ocrx_word' id='word_1_279' title='bbox 353 3398 399 3459; x_wconf 90' lang='lat' dir='ltr'>uti</span> <span class='ocrx_word' id='word_1_280' title='bbox 424 3397 458 3461; x_wconf 93' lang='lat' dir='ltr'>in</span> <span class='ocrx_word' id='word_1_281' title='bbox 484 3397 588 3463; x_wconf 87' lang='lat' dir='ltr'>officio</span> <span class='ocrx_word' id='word_1_282' title='bbox 614 3408 822 3483; x_wconf 89' lang='lat' dir='ltr'>permaneret;</span> <span class='ocrx_word' id='word_1_283' title='bbox 849 3398 946 3463; x_wconf 94' lang='lat' dir='ltr'>nihilo</span> <span class='ocrx_word' id='word_1_284' title='bbox 969 3408 1078 3464; x_wconf 92' lang='lat' dir='ltr'>tamen</span> <span class='ocrx_word' id='word_1_285' title='bbox 1103 3398 1192 3465; x_wconf 73' lang='lat' dir='ltr'>secius</span> 
     </span>
     <span class='ocr_line' id='line_1_35' title="bbox 177 3489 1193 3581; baseline 0.006 -28"><span class='ocrx_word' id='word_1_286' title='bbox 177 3489 369 3575; x_wconf 90' lang='lat' dir='ltr'>principibus</span> <span class='ocrx_word' id='word_1_287' title='bbox 388 3490 595 3557; x_wconf 85' lang='lat' dir='ltr'>Treverorum</span> <span class='ocrx_word' id='word_1_288' title='bbox 618 3492 659 3555; x_wconf 92' lang='lat' dir='ltr'>ad</span> <span class='ocrx_word' id='word_1_289' title='bbox 681 3514 716 3556; x_wconf 89' lang='lat' dir='ltr'>se</span> <span class='ocrx_word' id='word_1_290' title='bbox 738 3494 917 3558; x_wconf 85' lang='lat' dir='ltr'>convocatis</span> <span class='ocrx_word' id='word_1_291' title='bbox 939 3492 999 3559; x_wconf 94' lang='lat' dir='ltr'>hos</span> <span class='ocrx_word' id='word_1_292' title='bbox 1023 3492 1193 3581; x_wconf 86' lang='lat' dir='ltr'>singillatim</span> 
     </span>
     <span class='ocr_line' id='line_1_36' title="bbox 179 3583 1194 3671; baseline 0.003 -21"><span class='ocrx_word' id='word_1_293' title='bbox 179 3583 375 3671; x_wconf 87' lang='lat' dir='ltr'>Cingetorigi</span> <span class='ocrx_word' id='word_1_294' title='bbox 393 3585 582 3664; x_wconf 84' lang='lat' dir='ltr'>conciliavit,</span> <span class='ocrx_word' id='word_1_295' title='bbox 604 3586 691 3670; x_wconf 92' lang='lat' dir='ltr'>quod</span> <span class='ocrx_word' id='word_1_296' title='bbox 713 3608 785 3651; x_wconf 91' lang='lat' dir='ltr'>cum</span> <span class='ocrx_word' id='word_1_297' title='bbox 803 3588 913 3653; x_wconf 90' lang='lat' dir='ltr'>merito</span> <span class='ocrx_word' id='word_1_298' title='bbox 936 3587 1003 3652; x_wconf 89' lang='lat' dir='ltr'>eius</span> <span class='ocrx_word' id='word_1_299' title='bbox 1026 3587 1068 3654; x_wconf 90' lang='lat' dir='ltr'>ab</span> <span class='ocrx_word' id='word_1_300' title='bbox 1087 3610 1122 3655; x_wconf 91' lang='lat' dir='ltr'>se</span> <span class='ocrx_word' id='word_1_301' title='bbox 1138 3584 1194 3655; x_wconf 85' lang='lat' dir='ltr'>fieri</span> 
     </span>
     <span class='ocr_line' id='line_1_37' title="bbox 177 3678 1195 3767; baseline 0.003 -23"><span class='ocrx_word' id='word_1_302' title='bbox 177 3678 390 3765; x_wconf 87' lang='lat' dir='ltr'>intellegebat,</span> <span class='ocrx_word' id='word_1_303' title='bbox 410 3689 476 3744; x_wconf 90' lang='lat' dir='ltr'>tum</span> <span class='ocrx_word' id='word_1_304' title='bbox 495 3680 602 3767; x_wconf 89' lang='lat' dir='ltr'>magni</span> <span class='ocrx_word' id='word_1_305' title='bbox 618 3681 769 3747; x_wconf 88' lang='lat' dir='ltr'>interesse</span> <span class='ocrx_word' id='word_1_306' title='bbox 787 3681 994 3747; x_wconf 89' lang='lat' dir='ltr'>arbitrabatur</span> <span class='ocrx_word' id='word_1_307' title='bbox 1011 3681 1081 3750; x_wconf 91' lang='lat' dir='ltr'>eius</span> <span class='ocrx_word' id='word_1_308' title='bbox 1099 3692 1195 3749; x_wconf 87' lang='lat' dir='ltr'>aucto·</span> 
     </span>
     <span class='ocr_line' id='line_1_38' title="bbox 177 3772 1195 3865; baseline 0.005 -26"><span class='ocrx_word' id='word_1_309' title='bbox 177 3773 299 3839; x_wconf 90' lang='lat' dir='ltr'>ritatem</span> <span class='ocrx_word' id='word_1_310' title='bbox 316 3772 397 3838; x_wconf 89' lang='lat' dir='ltr'>inter</span> <span class='ocrx_word' id='word_1_311' title='bbox 414 3796 488 3838; x_wconf 89' lang='lat' dir='ltr'>suos</span> <span class='ocrx_word' id='word_1_312' title='bbox 505 3794 601 3856; x_wconf 92' lang='lat' dir='ltr'>quam</span> <span class='ocrx_word' id='word_1_313' title='bbox 618 3775 787 3860; x_wconf 89' lang='lat' dir='ltr'>plurimum</span> <span class='ocrx_word' id='word_1_314' title='bbox 800 3776 913 3854; x_wconf 84' lang='lat' dir='ltr'>valere,</span> <span class='ocrx_word' id='word_1_315' title='bbox 932 3776 1023 3842; x_wconf 92' lang='lat' dir='ltr'>cuius</span> <span class='ocrx_word' id='word_1_316' title='bbox 1036 3786 1105 3843; x_wconf 87' lang='lat' dir='ltr'>tam</span> <span class='ocrx_word' id='word_1_317' title='bbox 1117 3796 1195 3865; x_wconf 83' lang='lat' dir='ltr'>egre·</span> 
     </span>
     <span class='ocr_line' id='line_1_39' title="bbox 176 3868 1195 3958; baseline 0.004 -25"><span class='ocrx_word' id='word_1_318' title='bbox 176 3869 261 3954; x_wconf 85' lang='lat' dir='ltr'>giam</span> <span class='ocrx_word' id='word_1_319' title='bbox 279 3869 312 3932; x_wconf 94' lang='lat' dir='ltr'>in</span> <span class='ocrx_word' id='word_1_320' title='bbox 329 3890 364 3933; x_wconf 93' lang='lat' dir='ltr'>se</span> <span class='ocrx_word' id='word_1_321' title='bbox 381 3868 574 3933; x_wconf 87' lang='lat' dir='ltr'>voluntatem</span> <span class='ocrx_word' id='word_1_322' title='bbox 590 3870 811 3955; x_wconf 84' lang='lat' dir='ltr'>perspexisset.</span> <span class='ocrx_word' id='word_1_323' title='bbox 855 3871 889 3936; x_wconf 91' lang='lat' dir='ltr'>id</span> <span class='ocrx_word' id='word_1_324' title='bbox 907 3870 977 3936; x_wconf 82' lang='lat' dir='ltr'>tulit</span> <span class='ocrx_word' id='word_1_325' title='bbox 993 3870 1117 3937; x_wconf 83' lang='lat' dir='ltr'>factum</span> <span class='ocrx_word' id='word_1_326' title='bbox 1131 3892 1195 3958; x_wconf 73' lang='lat' dir='ltr'>gre·</span> 
     </span>
     <span class='ocr_line' id='line_1_40' title="bbox 176 3958 1195 4051; baseline 0.001 -25"><span class='ocrx_word' id='word_1_327' title='bbox 176 3963 257 4027; x_wconf 82' lang='lat' dir='ltr'>viter</span> <span class='ocrx_word' id='word_1_328' title='bbox 268 3962 510 4040; x_wconf 88' lang='lat' dir='ltr'>Indutiomarus,</span> <span class='ocrx_word' id='word_1_329' title='bbox 529 3985 620 4027; x_wconf 90' lang='lat' dir='ltr'>suam</span> <span class='ocrx_word' id='word_1_330' title='bbox 634 3964 767 4051; x_wconf 86' lang='lat' dir='ltr'>gratiam</span> <span class='ocrx_word' id='word_1_331' title='bbox 779 3965 861 4031; x_wconf 89' lang='lat' dir='ltr'>inter</span> <span class='ocrx_word' id='word_1_332' title='bbox 873 3988 948 4030; x_wconf 89' lang='lat' dir='ltr'>suos</span> <span class='ocrx_word' id='word_1_333' title='bbox 961 3963 1072 4043; x_wconf 90' lang='lat' dir='ltr'>minui,</span> <span class='ocrx_word' id='word_1_334' title='bbox 1091 3976 1133 4044; x_wconf 83' lang='lat' dir='ltr'>et,</span> <span class='ocrx_word' id='word_1_335' title='bbox 1148 3958 1195 4049; x_wconf 86' lang='lat' dir='ltr'>qui</span> 
     </span>
     <span class='ocr_line' id='line_1_41' title="bbox 176 4056 1193 4146; baseline 0 -19"><span class='ocrx_word' id='word_1_336' title='bbox 176 4058 240 4127; x_wconf 85' lang='lat' dir='ltr'>ian</span> <span class='ocrx_word' id='word_1_337' title='bbox 256 4066 328 4123; x_wconf 89' lang='lat' dir='ltr'>ante</span> <span class='ocrx_word' id='word_1_338' title='bbox 345 4057 470 4123; x_wconf 90' lang='lat' dir='ltr'>inimico</span> <span class='ocrx_word' id='word_1_339' title='bbox 486 4056 521 4122; x_wconf 89' lang='lat' dir='ltr'>in</span> <span class='ocrx_word' id='word_1_340' title='bbox 537 4080 596 4124; x_wconf 91' lang='lat' dir='ltr'>nos</span> <span class='ocrx_word' id='word_1_341' title='bbox 614 4059 718 4126; x_wconf 91' lang='lat' dir='ltr'>animo</span> <span class='ocrx_word' id='word_1_342' title='bbox 735 4060 861 4137; x_wconf 82' lang='lat' dir='ltr'>luisset,</span> <span class='ocrx_word' id='word_1_343' title='bbox 879 4057 979 4126; x_wconf 90' lang='lat' dir='ltr'>multo</span> <span class='ocrx_word' id='word_1_344' title='bbox 995 4059 1127 4146; x_wconf 84' lang='lat' dir='ltr'>gravius</span> <span class='ocrx_word' id='word_1_345' title='bbox 1142 4056 1193 4127; x_wconf 81' lang='lat' dir='ltr'>la</span> 
     </span>
    </p>
   </div>
   <div class='ocr_carea' id='block_1_3' title="bbox 0 0 1212 4336">
    <p class='ocr_par' dir='ltr' id='par_1_3' title="bbox 0 0 1212 4336">
     <span class='ocr_line' id='line_1_42' title="bbox 0 0 1212 4336; baseline 0 0"><span class='ocrx_word' id='word_1_346' title='bbox 0 0 1212 4336; x_wconf 95' lang='lat' dir='ltr'> </span> 
     </span>
    </p>
   </div>
  </div>
 </body>
</html>
