2414 4336
153 236 196 307 54
470 250 668 310 nnnrnno
687 249 862 309 GALLIOO

154 379 308 466 equitatus
334 377 538 466 apertissimis
565 377 686 465 campis
713 385 917 444 consectatus
944 399 987 443 ex
1009 377 1045 442 mi

153 497 292 554 numero,
311 496 393 560 quae
410 497 450 540 ex
466 473 640 559 Aquitania
653 471 889 558 Cantabrisque
907 473 1045 540 convenis

154 571 270 649 stabat,
297 571 352 635 vix
368 566 480 655 quarta
495 578 584 656 parte
605 568 715 635 relicta
734 568 835 633 multa
857 577 955 634 nocte
977 568 1045 633 seir

103 686 134 736 2⁷
152 669 278 753 recepit.
322 666 382 731 hac
399 664 506 731 audita
522 687 631 752 pugna
648 663 787 729 maxima
807 685 886 750 pars
902 662 1045 748 Aquitani

154 761 271 829 Crasso
289 760 407 826 dedidit
424 759 612 845 obsidesque
629 759 711 824 ultro
728 759 828 836 misit3
846 758 963 842 quoin
975 780 1045 822 num

29 863 31 866 ’
152 866 225 924 runt
243 854 395 933 Tarbelli,
422 854 639 943 Bigerriones,
662 852 792 931 Ptianii,
819 851 980 930 Vocates,
1003 851 1045 917 Ta

152 951 311 1030 Elusates,
331 946 444 1029 Gates,
464 949 579 1028 Ausci,
599 945 768 1029 Garumni,
789 945 980 1026 Sibuzates,
999 947 1045 1014 Co

152 1067 272 1134 paucae
301 1044 429 1110 ultimae
460 1045 601 1111 nationes
633 1044 707 1109 anni
737 1052 878 1130 tempore
910 1041 1045 1109 confisae

152 1140 253 1208 hiems
272 1139 407 1218 suberat,
425 1140 486 1206 hoc
503 1139 608 1205 facere
624 1138 840 1226 neglexerunt

102 1254 135 1307 28
216 1235 340 1302 Eodem
361 1235 427 1300 fere
449 1244 589 1321 tempore
612 1232 746 1312 Caesar,
776 1232 835 1298 etsi
861 1254 967 1320 prope
988 1255 1045 1299 exa

153 1340 256 1397 aestas
275 1339 354 1408 erat,
373 1337 491 1407 tamen,
515 1328 600 1413 quod
618 1329 704 1393 omni
721 1324 827 1394 Gallia
842 1337 961 1414 pacata
978 1325 1045 1394 Mor

152 1426 300 1513 napiique
322 1431 519 1510 supererant,
546 1423 601 1507 qui
622 1423 656 1487 in
678 1423 773 1488 armis
796 1433 904 1488 essent
926 1445 1032 1508 neque

153 1541 303 1604 umquam
319 1518 441 1606 legatos
464 1517 504 1583 de
520 1539 599 1603 pace
620 1517 795 1595 misissent,
821 1515 997 1583 arbitratus
1015 1517 1045 1582 id

154 1614 294 1680 celeriter
316 1612 427 1679 confici
447 1633 556 1698 posse,
585 1633 622 1677 eo
644 1612 816 1676 exercitum
838 1610 990 1693 adduxit3
1015 1635 1045 1698 qs

153 1708 215 1774 alia
243 1708 362 1772 ratione
393 1728 430 1771 ac
458 1704 570 1790 reliqui
597 1703 682 1772 Galli
711 1705 829 1771 bellum
858 1727 974 1792 gerere
1004 1729 1045 1774 co

153 1824 227 1867 nam
249 1801 333 1885 quod
354 1800 577 1887 intellegebant
597 1801 752 1866 maximas
773 1799 933 1880 nationes,
962 1822 1045 1886 quae

154 1895 399 1973 contendissent,
426 1895 534 1981 pulsas
562 1904 786 1981 superatasque
809 1916 894 1973 esse,
922 1897 1045 1963 contine

128 2016 130 2018 ·
155 1991 251 2058 silvas
269 2012 307 2056 ac
323 1989 454 2076 paludes
473 1988 645 2068 habebant,
673 2011 710 2055 eo
729 2011 763 2055 se
782 2011 902 2074 suaque
919 1993 1031 2058 omnia

153 2094 234 2152 runt.
274 2086 316 2150 ad
333 2107 465 2170 quarum
482 2085 605 2150 initium
623 2085 773 2151 silvarum
791 2106 863 2151 oum
882 2085 1008 2154 Caesar
1024 2111 1046 2175 p

155 2191 204 2248 set
216 2191 379 2266 castraque
388 2181 509 2246 munire
518 2181 714 2259 instituisset,
731 2202 835 2266 neque
843 2180 947 2248 hostis
961 2183 1045 2249 inter

154 2285 252 2354 esset,
275 2275 425 2361 dispersis
442 2276 476 2340 in
493 2297 587 2362 opere
603 2275 719 2342 nostris
737 2274 841 2342 subito
863 2297 904 2341 ex
921 2277 1045 2344 omnibr

153 2369 214 2436 bus
241 2370 337 2436 silvae
364 2369 564 2436 evolaverunt
590 2370 680 2434 etin
705 2380 828 2436 nostros
850 2371 1008 2457 impetum
1034 2375 1045 2438 l

154 2465 253 2531 nostri
271 2463 409 2529 celeriter
426 2487 513 2529 arma
530 2475 679 2551 cepenmt
696 2487 813 2550 eosque
834 2466 868 2530 in
885 2466 987 2534 silvas
1004 2491 1045 2555 re]

155 2569 186 2624 et
203 2557 414 2644 compluribus
432 2559 602 2625 interfectis
621 2559 745 2647 longius
767 2560 1021 2647 impeditioribus
1041 2563 1045 2628 1

104 2675 136 2724 29
155 2653 219 2719 cuti
234 2653 353 2739 paucos
370 2675 411 2718 ex
429 2655 494 2721 suis
512 2655 761 2741 deperdiderunt.
805 2655 933 2740 reliquis
953 2657 1045 2725 deine

154 2747 214 2814 bus
233 2745 353 2813 Caesar
371 2746 465 2813 silvas
484 2750 613 2814 caedere
634 2750 780 2829 instituit,
808 2759 839 2815 et
855 2771 896 2816 ne
912 2751 989 2836 quis
1011 2754 1045 2819 in

154 2839 465 2927 imprudentibusque
482 2843 632 2910 militibus
653 2844 692 2911 ab
711 2844 807 2910 latere
824 2845 963 2931 impetus
981 2847 1045 2914 fieri

155 2957 280 3003 omnem
302 2957 372 3000 eam
393 2937 568 3016 materiam,
598 2960 678 3023 quae
701 2949 767 3005 erat
792 2961 899 3018 caesa,
927 2962 1045 3009 conver

154 3030 279 3097 hostem
295 3029 467 3097 collocabat
484 3041 515 3097 et
531 3054 589 3118 pro
606 3033 689 3099 vallo
706 3034 748 3100 ad
764 3042 929 3119 utrumque
941 3034 1028 3104 latus
1044 3075 1045 3087 κ

155 3127 219 3194 bat
245 3126 420 3192 incredibili
437 3127 593 3194 celeritate
610 3152 726 3216 magno
745 3130 845 3216 spatio
858 3131 970 3215 paucis
985 3132 1045 3198 diel

155 3221 248 3300 fecto,
263 3244 336 3288 oum
344 3222 513 3308 iampecus
522 3232 615 3309 atque
629 3233 769 3289 extrema
780 3223 1006 3311 impedimenta
1018 3226 1045 3293 al

156 3326 345 3395 tenerentur,
372 3317 432 3403 ipsi
454 3317 613 3384 densiores
632 3318 727 3384 silvas
748 3327 902 3404 peterent,
931 3320 1045 3387 eiusms

155 3420 356 3497 tempestates
370 3421 565 3491 consecutae,
584 3412 631 3478 uti
644 3435 723 3500 opus
737 3414 914 3479 necessario
926 3414 1045 3481 interm*

156 3515 187 3571 et
205 3506 435 3573 continuatione
451 3507 598 3583 imbrium
615 3507 731 3574 diutius
750 3507 810 3574 sub
828 3507 964 3594 pellibus
979 3510 1045 3576 mili

156 3599 246 3665 tineri
263 3622 326 3665 non
343 3611 481 3686 possent
524 3602 629 3688 itaque
646 3603 775 3668 vastatis
794 3602 939 3668 omnibus
957 3625 1045 3670 eorus

156 3695 234 3761 vicis
252 3694 464 3780 aedificiisque
480 3697 625 3775 incensis,
646 3695 765 3762 Caesar
782 3696 953 3762 exercitum
965 3699 1045 3764 redu

155 3788 301 3855 Aulercis
319 3790 542 3877 Lexoviisque,
561 3793 688 3877 reliquis
705 3793 781 3858 item
799 3792 992 3874 civitatibus,
1010 3816 1045 3881 qr

156 3885 240 3952 xime
257 3885 375 3952 bellum
392 3886 539 3968 fecerant,
558 3889 592 3953 in
608 3887 746 3955 hibernis
765 3888 938 3955 collocavit
1010 3915 1012 3919 ·
