2414 4336
394 226 512 286 OOMbL
529 228 597 285 HIL
614 229 733 288 18-21.
1030 213 1073 281 63

25 355 188 423 medium
205 353 270 421 sere
287 352 452 442 regionum
468 375 585 433 carun,
603 375 683 439 quas
698 350 798 422 Suebi
815 351 1002 420 obtinerent:
1020 352 1072 420 hic

26 449 263 519 Romanorum
280 449 450 514 adventum
463 460 645 535 exspectare
659 458 753 534 atque
766 448 811 515 ibi
828 450 986 516 decertare
999 471 1072 515 con·

34 545 198 613 stituisse.
243 545 328 630 quod
345 542 400 609 ubi
418 540 538 610 Caesar
555 544 720 631 comperit,
743 543 889 610 omnibus
911 543 960 610 his
977 542 1071 611 rebus
1164 612 1166 617 ,

37 640 216 720 confectis,
243 661 375 724 quarum
391 659 496 703 rerum
514 659 610 704 causa
627 638 790 705 traducere
813 638 983 706 exercitum
1000 659 1074 704 con·

40 736 206 814 stituerct,
224 742 259 798 ut
278 729 444 799 Germanis
461 743 581 798 metum
597 732 738 813 iniceret,
760 742 796 798 ut
814 730 1008 821 Sugambros
1026 732 1075 798 ul·

43 830 232 907 cisceretur,
259 837 295 892 ut
315 824 419 892 Ubios
441 824 604 893 obsidione
625 826 783 905 liberaret,
810 827 921 894 diebus
948 825 1073 893 omuino

44 924 161 990 decem
178 931 209 988 et
227 928 297 989 octo
315 930 400 986 tran,
413 919 560 986 Rhenum
573 921 744 988 consumtis
759 922 834 987 satis
848 920 933 987 etad
949 920 1074 989 laudem

46 1028 79 1084 et
97 1018 141 1084 ad
157 1016 322 1083 utilitatem
338 1015 515 1103 profectum
531 1015 697 1082 arbitratus
712 1039 747 1083 se
761 1017 794 1082 in
808 1014 945 1084 Galliam
957 1015 1075 1104 recepit

46 1120 240 1201 pontemque
257 1110 393 1178 rescidit

113 1206 243 1294 Exigua
260 1213 348 1293 parte
366 1205 494 1272 aestatis
511 1204 632 1291 reliqua
646 1202 774 1285 Caesar,
794 1206 853 1272 etsi
870 1205 903 1271 in
919 1205 968 1271 bis
986 1205 1073 1286 locis,
1092 1225 1126 1276 ao

47 1302 137 1389 quod
154 1301 256 1367 omnis
275 1297 380 1367 Galba
398 1302 439 1366 ad
457 1301 683 1387 septentriones
700 1301 821 1389 vergit,
843 1312 983 1368 maturae
1001 1311 1074 1367 sunt

47 1396 185 1475 hiemes,
212 1405 317 1462 tamen
337 1395 371 1460 in
391 1394 587 1461 Britanniam
608 1395 764 1483 proficisci
791 1397 962 1474 contendit,
990 1394 1081 1481 quod·

48 1489 197 1557 omnibus
214 1490 282 1556 fere
300 1486 431 1556 Gallicis
454 1488 545 1555 bellis
562 1489 707 1556 hostibus
728 1491 843 1556 nostris
865 1491 938 1556 inde
957 1489 1076 1557 submi·

46 1584 182 1650 nistrata
198 1584 315 1651 auxilia
331 1583 534 1672 intellegebat
551 1592 595 1664 et,
623 1585 650 1650 si
667 1594 791 1673 tempus
809 1585 882 1651 anni
900 1586 941 1651 ad
958 1584 1075 1652 bellum

47 1679 224 1768 gerendum
242 1678 400 1758 deficeret,
427 1687 533 1744 tamen
549 1701 665 1767 magno
683 1679 744 1746 sibi
765 1680 837 1746 usui
859 1679 927 1747 sore
944 1679 1075 1746 arbitra

48 1775 154 1854 batur,
172 1775 200 1840 si
213 1774 306 1841 modo
319 1773 454 1840 insulam
469 1773 587 1841 adisset
604 1783 635 1840 et
647 1797 749 1863 genus
767 1774 929 1840 bominum
945 1796 1074 1861 perspe-

49 1869 164 1948 xisset,
183 1867 267 1947 loca,
284 1877 407 1955 portus,
426 1868 529 1934 aditus
548 1868 762 1956 cognovisset3
789 1892 870 1954 quae
888 1868 1076 1934 omniafere

52 1959 155 2030 Gallis
174 1971 261 2029 erant
281 1962 449 2051 incognita
493 1984 595 2048 neque
618 1963 701 2029 enim
719 1974 834 2030 temere
855 1973 979 2050 praeter
995 1984 1076 2028 mer-

51 2066 173 2124 catores
199 2057 253 2123 illo
280 2057 345 2123 adit
374 2057 555 2142 quisquam,
587 2080 689 2144 neque
718 2058 757 2123 iis
787 2059 865 2144 ipsis
896 2058 1074 2143 quicquam,

51 2161 175 2240 practer
196 2173 284 2217 oram
304 2151 492 2216 maritimam
514 2160 608 2236 atque
631 2174 684 2218 eas
710 2153 868 2240 regiones,
897 2175 976 2237 quae
1003 2161 1077 2218 sunt

52 2256 162 2313 contra
179 2243 309 2326 Gallias,
327 2255 437 2312 notum
455 2255 512 2312 est.
547 2245 654 2331 itaque
672 2246 808 2313 evocatis
827 2247 868 2312 ad
886 2269 920 2313 se
938 2247 1076 2332 undique

52 2339 277 2409 mercatoribus
290 2363 392 2426 neque
407 2351 524 2426 quanta
538 2351 622 2406 esset
629 2341 750 2408 insulae
763 2341 955 2431 magnitudo,
974 2363 1076 2428 nequo

51 2459 133 2522 quae
152 2445 206 2502 aut
223 2444 358 2522 quantae
374 2436 517 2503 nationes
539 2434 724 2516 incolerent,
750 2459 853 2522 neque
870 2459 965 2522 quem
982 2459 1077 2503 usum

51 2530 125 2599 belli
142 2530 295 2598 haberent
311 2540 366 2597 aut
388 2530 502 2616 quibus
525 2530 675 2598 institutis
698 2540 871 2611 uterentur,
898 2554 1001 2618 neque
1023 2532 1077 2617 qui

50 2635 159 2693 essent
180 2625 221 2691 ad
242 2626 397 2692 maiorum
418 2625 547 2691 navium
572 2625 803 2693 multitudinem
829 2627 932 2693 idonei
957 2635 1076 2715 portus,

48 2720 188 2808 reperire
203 2730 334 2807 poterat.
378 2719 515 2786 adhaec
537 2722 769 2808 cognoscenda,
791 2722 975 2809 priusquam
996 2722 1077 2809 peri-
1094 2741 1125 2791 21

48 2814 159 2883 culum
176 2813 302 2894 faceret,
321 2814 469 2880 idoneum
486 2837 557 2880 esse
570 2814 736 2882 arbitratus
752 2813 869 2883 Gaium
881 2815 1078 2883 Volusenum

48 2932 126 2977 cum
152 2909 226 2974 navi
246 2908 343 2997 longa
363 2909 541 2996 praemittit.
585 2909 659 2976 huic
685 2912 825 2990 mandat,
854 2920 888 2976 ut
910 2911 1077 2999 exploratis

49 3002 200 3072 omnibus
217 3002 311 3071 rebus
330 3005 371 3069 ad
389 3025 423 3069 se
440 3004 689 3091 quamprimum
706 3016 887 3072 revertatur.
923 3006 992 3092 ipse
1006 3028 1078 3071 cum

47 3096 200 3168 omnibus
222 3097 320 3184 copiis
342 3098 375 3163 in
396 3096 539 3164 Morinos
560 3098 780 3185 proficiscitur,
806 3100 892 3184 quod
914 3100 987 3166 inde
1014 3108 1079 3165 erat

46 3193 259 3263 brevissimus
276 3195 310 3259 in
327 3194 523 3260 Britanniam
541 3195 698 3262 traiectus.
742 3196 805 3260 huc
822 3216 919 3260 naves
940 3195 1078 3278 undique

48 3313 94 3358 ex
111 3287 252 3354 finitimis
269 3287 451 3376 regionibus
470 3298 502 3355 et
522 3311 618 3375 quam
641 3291 799 3376 superiore
821 3298 939 3354 aestate
958 3290 998 3354 ad
1014 3287 1080 3355 Ve-

48 3384 193 3452 neticum
210 3382 327 3449 bellum
345 3383 492 3450 effecerat
508 3383 642 3450 classem
654 3384 742 3449 iubet
754 3382 929 3449 convenire.
956 3383 1080 3449 interim

49 3476 186 3546 consilio
204 3477 271 3543 eius
290 3478 416 3565 cognito
434 3488 466 3543 ct
482 3500 539 3564 per
555 3489 743 3544 mercatores
760 3477 880 3565 perlato
898 3478 940 3544 ad
955 3478 1080 3543 Britan·

49 3595 113 3640 nos
133 3594 153 3637 a
170 3570 381 3659 compluribus
405 3571 471 3638 eius
493 3572 615 3638 insulae
633 3571 811 3638 civitatibus
833 3572 874 3637 ad
896 3595 968 3638 eum
985 3571 1080 3658 legati

49 3665 200 3743 veniunt,
226 3665 281 3750 qui
297 3665 501 3753 polliceantur
522 3665 647 3734 obsides
665 3667 740 3732 dare
761 3677 856 3753 atque
876 3667 1007 3753 imperio
1023 3689 1081 3753 po-

50 3760 124 3851 puli
139 3759 276 3826 Romani
293 3760 516 3847 obtemperare.
561 3761 675 3847 quibus
697 3762 811 3828 auditis
828 3760 997 3828 liberaliter
1012 3762 1081 3850 pol-

50 3855 161 3923 licitus
182 3854 399 3941 hortatusque,
426 3867 461 3921 ut
482 3857 516 3921 in
533 3879 571 3922 ea
593 3857 746 3924 sententia
767 3866 997 3945 permanerent,
1025 3879 1079 3926 eos

52 3952 187 4018 domum
198 3951 327 4017 remittit
340 3959 371 4016 ct
384 3972 457 4016 cnm
468 3950 507 4017 iis
521 3975 585 4018 una
594 3950 783 4032 Commium,
802 3972 896 4037 quem
909 3951 978 4040 ipse
985 3951 1081 4020 Atre-

52 4042 183 4114 batibus
202 4045 355 4134 superatis
372 4067 480 4135 regem
496 4046 540 4113 ibi
554 4048 764 4128 constituerat,
783 4046 873 4116 cuius
886 4056 918 4115 et
934 4048 1081 4119 virtutem
