2414 4336
338 256 457 315 COMM.
473 256 554 314 VIII.
574 254 695 312 trs-37.
963 239 1024 308 169

75 404 119 446 na
146 380 237 467 copia
262 380 408 447 frumenti
435 389 613 468 comparata
639 379 805 447 considunt
824 378 972 465 Drappes
994 389 1025 445 et
1043 399 1075 449 ss

75 474 173 541 terius
190 497 253 542 non
269 474 393 563 longius
411 475 451 542 ab
470 475 584 562 oppido
601 474 639 541 X
656 475 797 554 milibus,
816 474 899 540 unde
916 475 1025 559 paula

76 569 272 634 frumentum
293 570 328 637 in
348 571 498 657 oppidum
525 579 750 657 supportarent.
799 569 860 655 ipsi
884 569 965 634 inter
990 591 1026 636 se

75 662 179 728 incias
193 664 380 749 partiuntur:
398 663 545 751 Drappes
560 666 671 731 castris
683 664 839 751 praesidio
853 685 926 729 cum
937 672 1026 750 parts

75 781 163 822 arum
180 758 305 837 restitit3
327 758 495 824 Lucterius
514 781 628 846 agmen
648 759 857 824 iumentorum
880 758 921 824 ad
938 759 1027 844 oppi-

99 852 195 917 ducit.
243 851 402 939 dispositis
425 852 470 918 ibi
490 854 654 940 praesidiis
676 852 754 919 hora
778 855 879 920 noctis
906 853 1027 918 circiter

75 969 125 1012 ma
142 945 335 1013 silvestribus
354 948 559 1036 angustisque
575 946 737 1014 itineribus
759 947 951 1015 frumentum
968 947 1026 1012 im-

75 1063 127 1106 are
152 1041 186 1105 in
211 1040 361 1128 oppidum
383 1041 524 1107 instituit.
569 1064 703 1127 quorum
725 1043 889 1130 strepitum
914 1041 1025 1129 vigiles

75 1159 177 1201 rorum
203 1157 275 1202 cum
301 1138 485 1217 sensissent,
516 1138 790 1223 exploratoresque
815 1137 918 1217 missi,
945 1159 1026 1222 quae

76 1240 196 1309 rentur,
218 1231 462 1310 renuntiassent,
486 1230 638 1298 Caninius
661 1232 802 1298 celeriter
823 1253 895 1297 cum
917 1231 1027 1298 cohor-

75 1349 85 1390 s
114 1325 240 1391 armatis
268 1347 307 1390 ex
332 1327 483 1413 proximis
509 1325 644 1392 castellis
666 1326 700 1390 in
721 1325 939 1392 frumentarios
966 1325 1026 1392 sub

75 1443 104 1484 m
122 1420 224 1485 lucem
245 1421 397 1507 impetum
419 1419 502 1486 fecit.
546 1420 569 1485 ii
590 1420 752 1507 repentino
774 1420 857 1486 malo
873 1420 1027 1507 perterriti

75 1514 172 1601 [giunt
184 1514 225 1578 ad
238 1536 297 1579 sua
309 1514 480 1600 praesidia3
498 1535 578 1599 quas
589 1514 690 1580 nostri
702 1523 738 1579 ut
750 1513 904 1593 videmmt,
923 1515 1025 1580 aerius

75 1632 110 1673 ra
128 1618 264 1675 armatos
281 1608 401 1674 incitati
418 1609 574 1675 neminem
588 1630 628 1674 ex
641 1631 679 1674 eo
691 1628 822 1674 numero
835 1608 943 1674 vivum
955 1609 1027 1694 oapi

75 1712 171 1768 untur.
218 1703 359 1790 profugit
383 1704 456 1769 inde
482 1724 554 1769 cum
579 1703 689 1789 paucis
711 1703 880 1769 Lucterius
907 1725 966 1770 nec
992 1724 1026 1769 se

75 1799 111 1882 sit
128 1798 162 1862 in
179 1807 289 1863 castra.
316 1821 350 1864 re
367 1797 447 1864 bene
464 1807 555 1886 gesta
570 1796 722 1864 Caninius
740 1820 780 1864 ex
797 1798 928 1885 captivis
943 1820 1028 1865 com·
1045 1817 1077 1866 ss

75 1901 226 1978 :partem
253 1893 412 1977 copiarum
438 1914 510 1958 oum
531 1891 693 1979 Drappete
720 1915 790 1959 esse
816 1893 849 1958 in
876 1894 985 1958 castris
1007 1916 1027 1957 a

75 2009 128 2051 rus
146 1985 240 2072 longe
257 2008 321 2051 non
343 1985 476 2072 amplius
494 1985 576 2051 XII.
620 2008 684 2070 qua
699 2009 734 2052 re
752 2009 792 2053 ex
814 1986 1026 2072 compluribus

75 2080 141 2158 rita,
169 2100 241 2144 cum
262 2079 455 2166 intellegeret
480 2078 591 2166 fugato
618 2079 698 2145 duce
724 2080 821 2146 altero
847 2081 1026 2166 perterritos

75 2195 138 2257 *uos
169 2171 261 2239 facile
292 2173 425 2259 opprimi
454 2195 564 2259 posse,
598 2196 732 2260 magnac
768 2173 925 2240 felicitatis
956 2195 1027 2239 esse

75 2267 209 2333 trabatur
225 2268 382 2334 neminem
400 2289 439 2332 ex
457 2268 552 2334 caede
569 2266 726 2355 refugisse
742 2268 776 2333 in
789 2278 900 2347 castra,
919 2267 974 2352 qui
987 2267 1027 2332 de

75 2371 131 2448 pta
157 2361 332 2428 calamitate
357 2362 501 2427 nuntium
522 2360 678 2448 Drappeti
703 2362 863 2448 perferret.
913 2362 1028 2428 sedin

75 2456 194 2520 rriundo
211 2477 284 2521 cum
300 2457 474 2542 periculum
491 2456 612 2522 nullum
629 2456 756 2535 videret,
776 2457 949 2542 equitatum
961 2478 1028 2523 orn·¹

95 2546 332 2634 Germanosque
352 2551 488 2636 pedites,
516 2573 657 2617 summae
679 2550 851 2617 velocitatis
873 2550 1027 2626 homines,

75 2653 166 2710 eastra
182 2644 319 2710 hostium
336 2645 520 2733 praemittit;
538 2645 607 2732 ipse
619 2645 777 2732 legionem
789 2667 884 2710 unam
896 2644 930 2708 in
946 2644 1029 2708 trina

75 2763 107 2804 ra
128 2738 298 2820 distribuit,
326 2741 454 2808 alteram
476 2762 585 2808 secum
607 2741 785 2828 expeditam
810 2739 905 2807 ducit.
955 2762 1028 2805 cum

75 2833 134 2897 tius
151 2833 251 2900 hostis
270 2837 468 2915 accessisset,
492 2835 532 2902 ab
551 2835 814 2924 exploratoribus,
837 2856 916 2919 quos
938 2857 1028 2921 prae-

75 2936 141 3005 erat,
160 2929 322 3015 cognoscit
338 2938 441 2996 castra
459 2949 580 3008 eorum,
599 2939 635 2994 ut
650 2928 854 2996 barbarorum
871 2928 937 2995 fere
954 2950 1029 2995 con-

75 3022 139 3087 udo
161 3032 222 3102 est,
248 3022 363 3088 relictis
385 3023 462 3089 locis
489 3024 701 3111 superioribus
723 3024 764 3088 ad
784 3025 869 3109 ripas
892 3022 1027 3087 fluminis

75 3166 76 3172 κ
95 3117 245 3197 demissa;
263 3121 297 3183 at¹
308 3113 485 3185 Germanos
503 3119 686 3204 equitesque
698 3114 948 3203 imprudentibus
962 3137 1030 3181 om-

75 3234 98 3276 rs
125 3211 165 3276 de
190 3212 360 3297 improviso
385 3212 550 3279 advolasse
578 3212 793 3299 proeliumque
824 3209 1029 3276 commisisse.

85 3328 119 3371 re
138 3305 263 3393 cognita
279 3306 434 3394 legionem
456 3317 608 3374 armatam
625 3307 870 3389 instructamque
892 3304 1029 3371 adducit.

75 3410 194 3487 repente
212 3400 357 3466 omnibus
376 3423 416 3467 ex
432 3402 573 3489 partibus
588 3402 678 3489 signo
692 3401 765 3466 dato
782 3400 852 3466 loca
870 3400 1030 3486 superiora

75 3504 180 3562 untur.
225 3495 310 3580 quod
330 3493 386 3561 ubi
403 3496 529 3575 accidit,
557 3492 708 3562 Germani
730 3494 912 3580 equitesque
930 3495 1029 3582 signis

75 3589 138 3655 onis
156 3588 233 3656 visis
255 3590 528 3656 vehementissime
549 3590 749 3677 proeliantur.
794 3588 960 3655 confestim
978 3610 1030 3654 co-

75 3707 111 3748 es
125 3684 262 3770 undique
276 3685 427 3771 impetum
440 3684 559 3750 faciunt
571 3683 779 3768 omnibusque
793 3693 847 3749 aut
859 3682 1030 3748 interfectis

79 3781 178 3866 captis
196 3802 312 3867 magna
324 3780 440 3866 praeda
452 3779 621 3864 potiuntur.
648 3778 769 3866 capitur
780 3779 849 3866 ipse
863 3800 900 3844 eo
912 3776 1031 3864 proelio

75 3896 165 3960 ppes.
211 3873 363 3941 Caninius
385 3874 565 3942 felicissime
585 3898 621 3943 rc
642 3884 733 3964 gesta
754 3875 821 3942 sine
843 3871 908 3939 ullo
929 3895 1030 3960 paens
1048 3893 1080 3944 st

75 3970 113 4035 tis
131 3968 260 4037 vulnere
282 3971 323 4036 ad
344 3969 534 4038 obsidendos
552 3971 725 4062 oppidanos
746 3968 912 4038 revertitur
929 3979 1032 4036 exter·

75 4084 103 4125 re
119 4063 213 4129 hosts
230 4065 349 4148 deleto,
374 4065 466 4137 ouius
485 4068 601 4142 timore
617 4077 716 4141 antea
731 4065 878 4138 deridere
888 4063 1061 4154 sessus
