2414 4336
358 233 475 292 COMM.
494 235 529 292 V.
546 235 665 290 43-46.
984 219 1026 287 89

10 370 91 428 ntra
107 361 308 439 munitiones,
332 381 454 445 quaque
472 369 559 446 parte
576 359 714 425 hostium
732 357 961 424 confertissima
978 367 1028 425 est

10 448 62 549 Q,
80 481 116 524 ea
133 456 286 542 irrumpit
312 477 353 520 ne
370 454 515 520 Vorenus
534 455 661 538 quidem
678 464 746 518 tum
765 453 846 519 vallo
865 476 934 519 sese
953 475 1027 519 con-

44 544 94 630 ''et,
127 552 184 617 sed
212 550 351 615 omnium
377 549 494 614 veritus
526 549 786 614 existimationem
817 547 1024 632 subsequitur.

78 646 153 712 'ocri
176 645 277 731 spatio
298 643 405 709 relicto
423 643 516 708 Pulio
537 643 636 729 pilum
653 644 686 707 in
703 643 810 708 hostes
827 642 965 707 immittit
981 651 1028 708 at

54 759 183 805 cunum
205 761 245 804 ex
266 737 463 803 multitudine
480 746 713 824 procurrentem
735 737 850 816 traicit3
873 758 935 820 quo
958 759 1028 822 per-

67 855 97 900 so
126 844 159 898 et
186 833 362 898 exanimato
387 832 472 897 hunc
503 832 599 898 scutis
629 842 810 918 protegrmt,
845 832 880 896 in
904 832 1027 898 hostem

80 927 222 994 universi
240 927 396 993 coniciunt
412 948 515 1010 neque
532 926 608 991 dant
624 927 820 1014 regrediendi
837 925 1026 992 facultatem.

87 1022 198 1109 figitur
216 1031 339 1086 scutum
352 1019 478 1087 Pulioni
496 1029 527 1085 et
544 1030 688 1085 verutum
700 1021 733 1084 in
751 1019 854 1086 balteo
872 1020 1026 1108 defigitur.

88 1119 115 1182 it
132 1115 185 1180 hic
204 1137 296 1180 casus
314 1116 460 1201 vaginam
474 1123 505 1179 et
518 1114 657 1202 gladium
671 1116 802 1180 educere
816 1116 940 1182 conanti
953 1116 1029 1180 dex-

91 1220 234 1276 moratur
246 1233 385 1287 manum,
403 1210 650 1295 impeditumque
662 1208 769 1276 hostes
785 1211 1026 1276 circumsistunt.

10 1290 158 1397 2liccurrit
175 1305 318 1370 inimicus
336 1305 381 1369 illi
398 1303 542 1370 Vorenus
566 1315 597 1370 et
613 1304 766 1371 laboranti
789 1305 942 1371 subvenit.
987 1305 1028 1370 ad

10 1404 86 1466 hnc
105 1422 141 1466 se
164 1398 329 1465 confestim
350 1423 370 1463 a
386 1398 519 1464 Pulione
547 1401 648 1465 omnis
671 1399 838 1465 multitudo
861 1399 1027 1465 convertit:

10 1483 92 1560 lum
109 1502 221 1560 veruto
238 1492 426 1559 arbitrantur
447 1494 594 1558 occisum.
639 1494 744 1581 gladio
766 1493 940 1559 comminus
961 1515 1027 1559 rem

10 1591 84 1655 erit
102 1588 248 1655 Vorenus
272 1596 365 1671 atque
382 1609 445 1653 uno
467 1587 631 1653 interfecto
648 1589 784 1672 reliquos
806 1587 935 1675 paulum
956 1608 1028 1674 pro·

10 1682 107 1762 ellit3
132 1683 209 1752 dum
227 1682 370 1768 cupidius
388 1681 496 1761 instat,
519 1681 674 1747 inlocum
692 1683 831 1748 deiectus
848 1681 1028 1748 inferiorem

10 1778 152 1844 uncidit.
169 1802 180 1810 ·
198 1776 271 1842 huic
287 1800 395 1843 mrsus
414 1778 625 1843 circumvento
647 1777 708 1843 fert
731 1777 909 1844 subsidium
923 1777 1026 1855 Pulio,

10 1876 100 1957 tque
118 1871 211 1938 ambo
224 1871 396 1937 incolumes
410 1871 621 1959 compluribus
635 1873 805 1939 interfectis
820 1896 944 1940 summa
956 1894 1027 1938 cum

10 1967 99 2033 tude
116 1988 186 2032 sese
203 1967 284 2032 intra
301 1967 488 2032 munitiones
505 1968 667 2053 recipiunt.
704 1969 749 2034 sic
767 1968 892 2035 fortuna
904 1969 937 2033 in
954 1988 1029 2033 con·

10 2062 143 2128 entione
165 2070 196 2127 et
217 2063 384 2128 certamine
406 2072 572 2147 utrumque
598 2065 749 2141 versavit,
776 2073 811 2128 ut
837 2063 915 2130 alter
940 2061 1028 2128 alteri

10 2154 150 2221 nimiam
173 2155 288 2221 auxilio
311 2156 463 2240 salutique
487 2166 583 2235 esset,
607 2179 708 2240 neque
730 2157 893 2223 diiudicari
909 2164 1026 2242 posset,

10 2257 77 2314 lter
93 2250 154 2315 utri
170 2250 284 2316 virtute
301 2249 521 2317 anteferendus
538 2251 704 2316 videretur.

74 2344 199 2428 Quanto
217 2354 283 2411 erat
299 2345 332 2409 in
344 2345 411 2410 dies
424 2346 550 2432 gravior
562 2355 656 2431 atque
670 2347 808 2431 asperior
826 2343 1026 2432 oppugnatio,
1046 2362 1079 2412 45

10 2447 44 2503 et
57 2439 191 2504 maxime
208 2438 293 2523 quod
309 2461 424 2526 magna
436 2448 524 2525 parte
537 2440 671 2505 militum
688 2441 831 2506 confecta
847 2437 1027 2505 vulneribus

10 2548 60 2600 res
76 2535 116 2600 ad
133 2533 320 2620 paucitatem
333 2534 533 2600 defensorum
546 2546 739 2622 pervenerat,
759 2545 845 2601 tanto
859 2534 1028 2601 crebriores

10 2618 127 2695 litterae
149 2628 309 2712 nuntiique
328 2628 368 2693 ad
387 2627 555 2694 Caesarem
573 2630 787 2710 mittebantur;
805 2652 938 2716 quorum
955 2651 1028 2715 pars

10 2720 203 2809 deprehensa
219 2723 253 2787 in
269 2733 439 2808 conspectu
455 2733 632 2790 nostrorum
650 2726 783 2790 militum
801 2747 873 2791 cum
891 2723 1029 2789 cruciatu

10 2817 209 2883 necabantur.
259 2827 324 2882 erat
349 2841 431 2883 unus
458 2819 542 2884 intus
569 2818 718 2899 Nervius,
745 2822 870 2886 nomine
891 2818 1028 2896 Vertico,

11 2908 77 2978 loco
93 2922 187 2979 natus
205 2912 350 2991 honesto,
377 2914 431 2997 qui
449 2938 469 2979 a
485 2915 586 3000 prima
602 2915 763 2982 obsidione
786 2918 827 2982 ad
845 2915 1030 2983 Ciceronem

13 3007 190 3095 perfugerat
211 3030 362 3093 suamque
385 3009 414 3073 ei
431 3008 525 3074 fidem
542 3012 747 3096 praestiterat.
790 3011 842 3077 hio
866 3032 956 3076 servo
974 3029 1030 3094 spe

12 3098 158 3166 libertatis
172 3102 356 3188 magnisque
370 3104 537 3189 persuadet
548 3105 705 3190 praemiis,
725 3105 885 3170 utlitteras
899 3103 940 3167 nd
950 3101 1031 3167 Cae·

13 3216 109 3261 sarem
128 3195 258 3261 deferat.
294 3196 352 3262 has
369 3197 421 3262 ille
439 3198 472 3262 in
488 3199 590 3265 iaculo
607 3200 743 3288 illigatas
762 3198 851 3265 effert
868 3206 900 3263 et
918 3192 1029 3262 Gallus

13 3287 87 3355 inter
110 3287 221 3355 Gallos
244 3292 311 3356 sine
337 3291 401 3356 ulla
428 3294 605 3378 suspicione
630 3304 773 3359 versatus
797 3292 837 3358 ad
860 3289 1030 3357 Caesarem

14 3385 159 3468 pervenit.
186 3384 227 3450 ab
245 3407 283 3451 eo
301 3387 340 3450 de
357 3387 503 3472 periculis
523 3386 684 3454 Ciceronis
702 3388 897 3474 legionisque
915 3407 1031 3473 cogno-

14 3479 111 3544 scitur.
142 3475 262 3544 Caesar
278 3481 414 3566 acceptis
431 3481 541 3547 litteris
559 3483 636 3548 hora
654 3483 774 3548 circiter
790 3482 957 3547 undecima
969 3480 1032 3545 diei
1048 3498 1081 3546 46

14 3575 113 3639 statim
130 3573 274 3638 nuntium
291 3574 325 3638 in
341 3574 526 3640 Bellovacos
544 3577 586 3640 ad
602 3575 649 3640 M.
662 3575 815 3642 Crassum
834 3586 1031 3661 quaestorem

11 3668 109 3746 mittit,
131 3668 219 3734 cuius
238 3667 368 3734 hiberna
385 3668 513 3735 aberant
531 3668 571 3734 ab
589 3666 626 3735 eo
644 3671 730 3736 milia
746 3694 898 3758 passuum
916 3665 1030 3755 XXV.

10 3755 94 3828 iubet
116 3762 221 3827 media
242 3773 333 3828 nocte
355 3762 511 3850 legionem
533 3763 688 3850 proficisci
711 3767 912 3850 celeriterque
934 3763 976 3827 ad
998 3782 1032 3826 se

10 3856 126 3922 venire.
171 3857 235 3921 exit
274 3879 345 3922 cum
370 3859 479 3924 nuntio
504 3857 650 3925 Crassus.
695 3860 826 3926 alterum
852 3860 893 3926 ad
915 3855 1032 3924 Gaium

10 3945 145 4016 Fabium
161 3949 300 4037 legatum
318 3952 425 4030 mittit,
453 3953 538 4018 utin
555 3952 753 4021 Atrebatium
775 3954 854 4020 fines
876 3952 1032 4040 legionem

10 4045 153 4125 adducat,
171 4066 234 4130 qua
252 4044 311 4111 sibi
328 4046 387 4111 iter
402 4046 581 4114 faciendum
599 4049 726 4117 sciebat
746 4048 861 4136 *scribit
878 4047 1032 4124 Labieno,
