2414 4336
411 145 529 202 COMM.
547 146 627 204 vm,
645 146 670 202 1.
683 148 709 202 2.
1009 134 1071 203 155

57 270 60 285 ²
114 270 243 360 gantiae
256 269 393 348 crimine,
411 269 466 354 qui
478 292 531 335 me
542 269 654 335 mediis
671 270 909 358 interposuerim
923 271 1070 340 Caesaris

96 365 181 452 'ptis
227 373 349 432 constat
370 365 453 432 enim
469 365 549 431 inter
571 386 679 430 omnes
701 365 861 452 nibiltam
882 389 1012 454 operose
1030 368 1071 433 ab

94 462 115 526 ‘s
134 483 206 527 esse
222 460 410 548 perfectum,
428 461 515 545 quod
532 482 595 526 non
612 459 725 526 horum
743 459 897 547 elegantia
914 482 1072 528 commen·

95 553 196 621 'orum
214 563 385 641 superetur.
430 554 484 640 qui
503 562 576 621 sunt
593 553 681 633 editi,
708 576 748 619 ne
766 554 895 621 scientia
916 564 1071 621 tantarum

178 649 381 738 scriptoribus
408 650 546 728 deesset,
572 647 712 733 adeoque
737 648 907 737 probantur
932 649 1071 716 omnium

104 742 175 823 'cio,
203 753 240 809 ut
259 752 437 831 praerepta,
463 766 527 810 non
547 742 688 829 praebita
710 741 842 810 facultas
869 744 1071 831 scriptoribus

57 896 59 908 .
77 833 85 849 '
105 848 199 904 eatur.
241 837 329 905 cuius
347 845 452 904 tamen
468 837 515 904 rei
530 837 629 902 maior
645 845 753 904 nostra
769 860 864 924 quam
880 838 1072 924 reliquorum

57 942 102 1019 pt
116 932 293 998 admiratio:
321 932 415 999 ceteri
437 932 534 1010 enim,
562 931 757 1016 quambene
780 941 873 1018 atque
895 934 1069 1013 emendate,

123 1028 232 1106 etiam,
251 1048 347 1112 quam
363 1026 455 1093 facile
473 1036 567 1112 atque
585 1025 724 1092 celeriter
742 1048 796 1093 eos
813 1027 991 1114 perfecerit,
1011 1029 1071 1095 sci-

78 1118 81 1123 *
119 1170 126 1188 .
154 1130 223 1188 erat
240 1130 344 1187 autem
361 1121 395 1188 in
409 1119 546 1188 Caesare
564 1142 636 1186 cum
653 1119 787 1186 facultas
805 1130 899 1206 atque
916 1121 1071 1210 elegantia

150 1240 171 1282 a
189 1214 356 1295 scribendi,
374 1225 442 1282 tum
458 1214 623 1281 verissima
640 1213 769 1280 scientia
787 1236 914 1281 suorum
928 1216 1072 1282 consilio-

141 1310 409 1398 explicandorum.
453 1310 531 1375 mihi
556 1333 597 1376 ne
622 1310 700 1374 illud
726 1309 853 1394 quidem
879 1311 1005 1392 accidit,
1036 1325 1071 1378 ut

104 1404 263 1472 xandrino
281 1413 374 1490 atque
391 1403 543 1471 Africano
560 1403 643 1470 bello
664 1404 861 1484 interessem3
887 1427 967 1491 quae
989 1405 1071 1472 bella

139 1521 239 1585 quam
261 1507 410 1586 exparte
432 1498 523 1566 nobis
548 1497 693 1566 Caesaris
721 1519 863 1566 sermone
890 1509 962 1566 sunt
985 1509 1069 1579 nota,

106 1617 153 1662 en
169 1594 259 1661 aliter
276 1593 420 1660 audimus
443 1616 493 1672 ea,
521 1615 601 1677 quae
621 1614 727 1659 rerum
742 1593 879 1660 novitate
901 1603 955 1660 aut
972 1594 1070 1660 admi-

57 1690 165 1756 stione
191 1709 251 1755 nos
277 1689 418 1775 capiunt,
445 1688 546 1767 aliter,
573 1710 653 1772 quae
679 1710 736 1775 pro
759 1688 934 1755 testimonio
961 1711 1069 1755 sumus

57 1777 169 1850 icturi.
198 1783 254 1850 sed
272 1804 331 1870 ego
348 1782 504 1861 nimirum,
524 1782 599 1847 dum
612 1804 721 1849 omnes
735 1783 944 1851 excusationis
958 1805 1069 1850 causas

57 1879 169 1967 affigo,
188 1901 229 1945 ne
247 1901 319 1944 cum
333 1877 469 1946 Caesare
488 1879 638 1958 conferat,
657 1879 718 1946 hoc
734 1881 838 1968 ipsum
856 1882 974 1947 crimen
986 1904 1070 1948 arro-

57 1974 172 2057 :antiae
186 1972 294 2054 subeo,
309 1975 395 2059 quod
406 1997 458 2040 me
470 1974 585 2041 iudicio
599 1975 785 2061 cuiusquam
798 1977 970 2044 existimem
975 2000 1069 2064 posse

57 2074 119 2134 inm
138 2067 276 2135 Caesare
294 2069 476 2156 comparari.
512 2069 591 2138 vale.

111 2255 210 2326 Omni
229 2256 333 2326 Gallia
355 2260 477 2326 devicta
496 2259 616 2328 Caesar
637 2282 709 2326 cum
730 2285 750 2328 a
772 2260 930 2347 superiore
952 2268 1069 2326 aestate
1090 2280 1099 2326 1

57 2351 167 2421 'tullum
188 2352 324 2419 bellandi
345 2362 469 2441 tempus
491 2355 711 2422 intermisisset
732 2354 908 2441 militesque
925 2354 1070 2421 hiberno-

138 2448 242 2533 quiete
263 2449 390 2515 reficere
412 2473 431 2516 a
453 2450 546 2515 tantis
572 2449 732 2517 laboribus
758 2449 865 2528 vellet,
893 2445 1083 2535 complures

107 2564 159 2607 em
185 2551 324 2629 tempore
351 2543 492 2609 civitates
517 2565 668 2610 renovare
694 2543 768 2611 belli
794 2543 924 2610 consilia
948 2544 1071 2609 nuntia-

108 2645 160 2701 tur
177 2636 465 2721 coniurationesque
483 2637 596 2704 facere.
624 2639 712 2704 ouius
724 2638 771 2704 rei
783 2637 960 2704 verisimilis
975 2659 1071 2704 causa

91 2729 243 2809 erebatur,
257 2732 342 2816 quod
351 2729 451 2798 Gallis
466 2731 610 2798 omnibus
625 2733 786 2821 cognitum
800 2742 994 2818 essetneque
1007 2731 1071 2798 ulla

57 2824 243 2891 multitudine
260 2825 294 2890 in
311 2849 409 2892 unum
425 2826 531 2893 locum
548 2835 657 2893 coacta
673 2827 778 2894 resisti
794 2850 890 2913 posse
907 2827 1069 2906 Romanis,

57 2930 110 3000 lec,
131 2920 161 2986 si
179 2919 302 2987 diversa
318 2920 402 2988 bella
419 2920 595 3008 complures
614 2922 725 2987 eodem
742 2932 882 3010 tempore
895 2923 1072 2989 intulissent

57 3007 203 3094 ivitates,
231 3016 306 3081 satis
325 3015 432 3082 auxilii
449 3026 503 3084 aut
522 3016 615 3103 spatii
636 3025 690 3082 aut
712 3018 872 3104 copiarum
892 3017 1072 3083 habituum

57 3107 218 3175 xercitum
234 3109 343 3196 populi
355 3109 492 3176 Romani
505 3110 546 3175 ad
559 3109 664 3176 omnia
675 3110 893 3197 persequenda
897 3135 906 3189 ;
924 3131 988 3174 non
1001 3129 1071 3174 esse

57 3215 152 3272 utem
169 3204 264 3271 alicui
282 3204 399 3272 civitati
413 3214 528 3273 sortem
541 3205 731 3272 incommodi
743 3204 958 3282 recusandam,
978 3204 1005 3269 si
1018 3201 1071 3268 tali

57 3321 134 3367 nora
155 3299 293 3386 reliquae
314 3309 445 3387 possent
468 3322 503 3365 se
525 3300 683 3367 vindicare
704 3300 737 3364 in
757 3298 942 3365 libertatem.
991 3319 1071 3383 quae
1089 3315 1105 3364 2

57 3417 84 3461 te
102 3394 210 3481 opinio
230 3391 392 3460 Gallorum
410 3395 653 3473 confirmaretur,
674 3392 793 3461 Caesar
810 3391 957 3458 Marcum
968 3390 1072 3457 Anto-

57 3488 135 3554 tium
160 3497 360 3573 quaestorem
387 3489 452 3555 suis
478 3488 630 3575 praefecit
654 3487 807 3566 hibernis;
838 3487 906 3572 ipse
932 3485 1072 3572 equitum

57 3582 204 3669 >masida
220 3582 321 3668 pridie
339 3582 413 3648 Kal.
431 3583 594 3648 Ianuarias
612 3581 652 3647 ab
675 3580 955 3668 oppido·Bibracte
975 3578 1070 3667 profi-

57 3677 175 3744 iscitur
191 3678 233 3743 ad
248 3676 406 3764 legionem
418 3676 517 3755 XIII,
535 3699 631 3761 quam
642 3697 706 3740 non
718 3675 812 3763 longe
825 3699 845 3740 a
856 3673 971 3740 finibus
984 3671 1072 3738 Hae-

57 3771 182 3839 luorum
198 3771 407 3838 collocaverat
422 3773 455 3837 in
473 3771 588 3837 finibus
605 3769 799 3857 Bitrnigum,
823 3770 913 3855 eique
931 3766 1072 3855 adiungit

57 3865 204 3953 egionem
220 3865 289 3945 XI,
313 3888 394 3952 quae
417 3866 560 3954 proxima
578 3864 690 3930 fuerat
735 3863 817 3930 binis
834 3860 1013 3928 cohortibus
1031 3859 1073 3926 ad

57 3962 269 4053 mpedimenta
286 3962 402 4035 tuenda
418 3960 534 4031 relictis
551 3959 705 4046 reliquum
724 3957 895 4026 exercitum
911 3956 945 4022 in
967 3953 1072 4043 copio-
