2414 4336
338 194 635 253 comunes-ar.
943 181 1000 273 ⁸13

158 328 211 386 ato
227 319 355 386 brachio
372 329 590 407 praeoptarent
607 330 732 387 scutum
748 342 844 386 manu
861 319 1001 386 emittere

160 439 250 504 rpore
262 439 413 505 pugnare.
440 419 567 484 tandem
579 419 760 485 vulneribus
774 419 891 485 defessi
904 430 935 485 et
947 440 1002 504 pe-

160 532 183 579 .·θ
195 523 234 592 et,
248 514 333 599 quod
346 536 435 579 mons
454 513 581 579 suberat
598 515 720 581 circiter
736 516 820 582 mille
838 538 998 602 passuum,

160 630 225 695 pere
247 619 424 694 coeperunt
469 621 561 694 capto
583 623 687 675 monte
708 621 740 675 et
762 608 1001 676 succedentibus

161 702 186 766 ii
201 713 232 767 et
245 702 386 790 Tulingi,
405 702 460 788 qui
476 703 638 769 hominum
654 704 779 770 milibus
797 705 919 770 circiter
934 701 1002 769 XV

162 796 252 861 stium
273 797 459 863 claudebant
481 807 513 862 θι
534 798 713 863 novissimis
731 799 886 885 praesidio
904 808 1001 876 erant,

163 904 276 956 nostros
289 891 385 958 latere
398 903 505 978 aperto
518 893 662 978 aggressi
679 894 910 970 circumvenire,
925 906 956 958 θι
968 893 1002 958 id

166 983 311 1063 Helvetii,
325 986 379 1070 qui
395 986 428 1050 in
446 997 582 1052 montem
600 1009 670 1052 sese
686 999 875 1074 receperant,
894 1010 1002 1054 rursus

165 1080 315 1164 proelium
330 1081 541 1169 redintegrare
559 1092 735 1192 coeperrmt.
713 1082 909 1148 tRomani
927 1104 1002 1148 con-

157 1188 187 1238 {a
206 1175 351 1260 bipartito
319 1175 555 1241 tintulerunt.
576 1177 678 1263 prima
693 1198 731 1242 ac
748 1177 885 1242 secunda
906 1178 1000 1255 acies,

165 1289 182 1332 c
198 1271 360 1336 summotis
383 1270 555 1350 resisteret,
569 1272 671 1350 tertia,
690 1281 725 1336 ut
741 1272 900 1337 venientes
918 1272 1003 1336 exei-

173 1376 286 1450 ancrpr
286 1388 297 1428 1
287 1365 432 1450 proelio
450 1365 553 1430 diut
521 1375 614 1450 atque
632 1367 742 1431 acriter
758 1381 931 1452 pugnatum
944 1375 1001 1431 est.
1020 1377 1053 1427 ιι

166 1479 200 1521 m
230 1457 383 1523 sustinere
414 1470 590 1526 nostrorum
615 1459 750 1545 impetus
776 1483 839 1525 non
864 1471 1002 1545 possent,

169 1560 203 1615 ut
219 1563 399 1638 coeperant,
421 1553 454 1617 in
475 1568 613 1618 montem
634 1566 830 1639 receperunt,
854 1553 941 1618 alteri
963 1553 1004 1618 ad

167 1655 207 1711 tta
224 1657 254 1712 et
272 1669 376 1714 carros
395 1671 468 1713 suos
488 1671 522 1713 se
540 1649 743 1714 contulerunt.
779 1649 924 1714 namhoc
938 1661 1003 1714 ιοιο

168 1762 203 1805 un
219 1741 258 1806 ab
277 1741 354 1806 hora
372 1743 504 1828 septima
520 1744 561 1808 ad
579 1766 744 1830 vesperum
760 1755 934 1831 pugnatum
952 1744 1001 1821 sit,

169 1847 267 1900 ostem
284 1836 390 1901 videre
407 1859 500 1903 nemo
516 1837 627 1922 potuit
671 1839 712 1903 ad
733 1838 862 1903 multam
880 1850 1003 1903 noctem

169 1930 373 2014 mpedimenta
389 1942 564 2018 pugnatum
581 1942 643 2010 est,
665 1943 827 2019 propterea
844 1933 929 2017 quod
945 1955 1003 2019 pro

169 2043 195 2087 ιι
225 2024 403 2091 obiecerant
435 2038 466 2091 et
492 2047 509 2090 θ
534 2025 605 2092 loco
639 2028 854 2113 superiorein
878 2038 1002 2093 nostros

169 2117 226 2183 tela
247 2120 442 2186 coniciebant
464 2132 496 2187 θι
516 2122 656 2187 nonnulli
677 2122 757 2187 inter
778 2144 882 2188 carros
904 2134 1004 2187 rotas-

170 2232 200 2277 ιι
223 2235 260 2279 ac
281 2215 421 2302 tragulas
444 2215 639 2283 subiciebant
660 2227 844 2301 nostrosque
860 2215 1004 2280 vulnera-

177 2319 348 2375 comesset
369 2319 558 2396 pugnatum,
580 2310 810 2396 impedimentis
832 2310 1003 2393 castrisque

171 2399 286 2467 fisunt.
325 2402 370 2468 ibi
389 2401 587 2491 Orgetorigis
605 2402 669 2468 filia
686 2413 779 2487 atque
796 2425 877 2467 unus
896 2424 914 2467 e
931 2402 1002 2468 filiis

202 2517 240 2561 ex
258 2518 296 2563 θο
312 2497 431 2583 proelio
449 2498 570 2564 circiter
586 2498 672 2563 milia
689 2496 849 2563 hominum
864 2495 1003 2563 CXXX

173 2598 206 2653 nt
226 2613 325 2682 eaque
344 2603 409 2657 tota
426 2603 518 2658 nocte
535 2594 727 2659 continenter
743 2592 859 2657 ierunt:
885 2592 1003 2656 nullam

173 2684 225 2751 ctis
248 2686 358 2752 itinere
380 2687 558 2754 intermisso
580 2688 613 2753 in
634 2688 712 2753 fines
730 2688 913 2774 Lingonum
937 2685 1003 2774 [die

174 2792 352 2861 rvenerunt,
375 2805 448 2848 cum
471 2793 501 2848 et
522 2794 648 2870 propter
668 2783 798 2848 vulnera
818 2782 952 2848 militum
974 2792 1005 2847 θι

174 2873 317 2941 >ulturum
330 2877 506 2944 occisorum
522 2879 621 2944 nostri
640 2875 791 2966 [triduum
804 2875 930 2965 morati]
949 2899 1003 2943 θοι

179 2970 363 3052 potuissent.
405 2971 525 3038 Caesar
542 2974 582 3038 ad
600 2973 763 3060 Lingonas
786 2971 903 3038 litteras
924 2994 1005 3036 nun·

176 3061 222 3141 sit,
240 3086 280 3130 ne
298 3087 353 3131 θοι
372 3065 530 3132 frumento
547 3089 627 3132 neve
644 3066 705 3132 alia
721 3088 756 3131 re
772 3067 928 3132 iuvarent:
951 3063 1005 3148 qui

177 3199 187 3231 ‚
202 3177 235 3222 se
248 3160 359 3224 eodem
373 3159 451 3239 loco,
466 3183 529 3245 quo
537 3160 711 3239 Helvetios,
726 3159 913 3227 habiturum.
935 3158 1004 3242 ipse

177 3251 284 3319 misso
306 3274 379 3318 cum
405 3254 550 3321 omnibus
577 3255 674 3340 copiis
701 3276 755 3320 eos
782 3253 871 3337 sequi
892 3249 1003 3336 coepit.

178 3347 282 3412 unium
302 3371 407 3414 rerum
432 3350 539 3436 inopia
564 3349 691 3441 adducti
712 3349 832 3434 legatos
855 3346 894 3412 de
918 3345 1005 3410 dedi·
1022 3365 1054 3414 ιι

178 3458 224 3506 lm
250 3443 411 3509 miserunt.
446 3444 502 3528 qui
524 3466 596 3509 oum
618 3467 690 3509 eum
711 3443 745 3506 in
765 3441 874 3507 itinere
892 3461 1006 3507 conve·

179 3538 278 3602 used
300 3538 399 3623 pedes
421 3538 625 3624 proiecissent
647 3535 888 3622 suppliciterque
909 3535 1004 3602 locuti

179 3645 225 3696 tm
246 3633 413 3719 petissent,
440 3642 534 3718 atque
556 3655 611 3699 θοι
632 3631 666 3696 in
687 3652 725 3697 θο
747 3630 830 3710 loco,
853 3640 1005 3716 quotum

180 3742 207 3788 m
220 3728 389 3793 adventum
402 3737 582 3814 exspectare
595 3726 747 3804 iussisset,
762 3734 939 3812 paruerunt
966 3745 1004 3789 eo

181 3811 289 3888 laesor
304 3820 459 3908 pervenit,
478 3820 619 3899 obsides,
638 3842 737 3898 arma,
757 3841 875 3896 servos,
893 3839 947 3902 qm
935 3817 1005 3882 ad

167 3915 175 3925 ''
183 3926 281 3996 ssent
303 3915 455 4027 poposcit
495 3915 571 3980 dum
588 3937 626 3982 ea
642 3915 867 3999 conquiruntur
883 3921 915 3976 et
931 3932 1005 3977 con-

183 4018 244 4076 ›ctc
259 4010 439 4080 intermissa
456 4009 580 4081 circiter
593 4010 769 4082 bominum
779 4003 972 4074 mmm
952 4023 1028 4067 ems
1128 4038 1137 4089 ,ι
