2414 4336
161 259 221 326 102
471 269 525 325 DE
542 266 669 327 annm
688 265 857 326 analeo

157 396 296 467 redditur
311 416 413 480 neque
429 391 530 460 honos
547 392 630 460 ullus
648 391 907 460 communicatam.
930 392 982 459 bis
1000 401 1052 460 aut

157 492 249 561 nibus
267 488 429 556 druidibus
441 498 566 576 praeest
577 511 668 568 unus,
687 489 742 575 qui
754 511 916 554 summam
926 488 1010 556 inter
1023 511 1052 556 ec

157 585 380 653 auctoritatem.
424 583 485 650 boc
500 591 622 649 mortuo
638 592 707 662 aut,
730 582 831 667 siqui
847 605 892 648 ex
912 583 1044 669 reliquis

157 680 317 768 dignitate,
336 677 484 757 succedit,
502 686 565 757 aut,
580 678 608 743 si
616 686 689 744 sunt
696 676 802 763 plures
810 699 918 764 pares,
936 679 1052 767 suffrag

157 776 241 853 dum,
259 793 492 858 nonnumquam
510 771 604 838 etiam
621 771 715 837 armis
733 771 773 836 de
785 771 972 858 principatu
985 783 1052 839 cont

155 869 190 938 hi
215 877 299 934 certo
321 866 394 932 anni
418 875 558 951 tempore
578 865 612 931 in
632 865 747 932 finibus
769 863 967 946 Carnutum,
995 889 1052 952 qua

156 961 251 1029 totius
266 958 388 1028 Galliae
404 960 508 1026 media
519 959 660 1038 habetur,
679 959 844 1026 considunt
856 960 893 1025 in
906 959 983 1027 loco
997 982 1052 1028 con

156 1055 219 1123 huc
237 1077 344 1122 omnes
362 1054 509 1139 undique,
527 1053 583 1139 qui
599 1054 826 1120 controversias
843 1052 978 1134 habent,
998 1076 1052 1122 con

157 1170 326 1234 eorumque
347 1149 479 1215 decretis
500 1148 686 1233 iudiciisque
706 1157 825 1235 parent
871 1149 1043 1236 disciplina

157 1244 264 1311 tannia
279 1252 401 1329 reperta
417 1251 511 1328 atque
527 1242 602 1308 inde
618 1242 653 1307 in
666 1239 801 1309 Galliam
814 1242 973 1310 uanslata
991 1265 1052 1311 esse

157 1347 272 1417 matm,
300 1347 331 1404 et
347 1359 444 1416 nunc,
472 1336 526 1422 qui
543 1336 721 1423 diligentius
739 1358 808 1402 eam
825 1358 895 1402 rem
916 1359 1052 1425 cognosc

107 1454 139 1504 14
156 1434 233 1512 lunt,
251 1433 432 1520 plerumque
445 1431 499 1498 illo
513 1430 655 1497 ducendi
663 1429 1022 1517 causaproliciscuntur.

157 1552 176 1594 a
192 1526 274 1593 bello
292 1525 403 1593 abesse
421 1535 609 1592 consuerunt
624 1546 726 1611 neque
742 1525 859 1592 tributa
876 1548 946 1592 una
966 1548 1043 1592 cum

155 1622 308 1708 pendunt,
335 1621 462 1687 militiae
487 1621 681 1688 vacationem
705 1620 905 1707 omniumque
933 1643 1042 1688 rernm

155 1714 391 1781 immunitatem.
418 1715 511 1782 tantis
529 1715 654 1782 excitati
670 1715 816 1802 praemiis
834 1724 866 1780 et
883 1738 946 1781 sua
965 1726 1052 1803 spont

156 1809 190 1874 in
210 1807 405 1895 disciplinam
426 1810 613 1875 conveniunt
634 1819 665 1876 et
685 1833 705 1876 a
725 1808 905 1898 parentibus
933 1811 1052 1897 propin

156 1902 327 1968 mittuntur.
371 1925 520 1990 ιιιεςιιιιιιι
540 1903 585 1970 ibi
609 1926 773 1971 numerum
793 1926 947 1973 versuum
970 1905 1052 1971 edis<

158 2005 282 2063 cuntur:
308 1997 413 2083 itaque
435 2019 532 2064 annos
554 1999 695 2064 nonnulli
714 1999 842 2064 vicenos
864 1999 899 2062 in
921 1999 1052 2086 discipli

156 2102 292 2160 manent.
334 2115 437 2179 neque
462 2094 511 2160 fas
537 2116 608 2160 esse
629 2092 806 2160 existimant
827 2114 865 2158 ea
885 2093 1001 2159 litteris
1024 2117 1052 2158 m

156 2212 228 2256 cum
245 2190 278 2255 in
293 2190 420 2274 reliquie
438 2188 503 2256 fere
520 2188 623 2268 rebus,
641 2188 774 2276 publicis
790 2187 989 2274 privatisque
1009 2198 1052 2254 rat

158 2282 288 2352 Graecis
311 2284 421 2350 litteris
438 2294 572 2350 utantur.
615 2284 649 2349 id
669 2283 747 2348 mihi
763 2282 885 2349 duabus
903 2282 946 2349 de
970 2284 1052 2350 causi

156 2380 254 2445 tuisse
270 2378 423 2458 videntur,
442 2378 527 2465 quod
542 2399 644 2466 neque
660 2377 694 2442 in
710 2376 840 2464 vulgum
858 2377 1052 2464 disciplinan

155 2471 252 2538 velint
267 2493 369 2556 neque
387 2495 455 2552 eos,
478 2473 533 2557 qui
549 2473 685 2551 discunt,
709 2470 819 2537 litteris
837 2470 975 2538 confisos
992 2472 1052 2536 mir

154 2565 271 2632 moriae
289 2567 412 2632 studere
417 2592 438 2645 ;Ἰ
453 2568 537 2652 quod
553 2566 619 2633 fere
635 2565 792 2653 plerisque
810 2565 937 2645 accidit,
966 2575 1003 2632 ut
1022 2589 1052 2653 pr

153 2658 325 2726 litterarum
342 2660 534 2748 diligentiam
550 2662 584 2726 in
600 2659 807 2747 perdiscendo
825 2681 862 2726 ac
875 2661 1052 2727 memorien

154 2762 230 2820 taut.
274 2753 417 2841 inprimis
439 2755 499 2821 hoc
520 2754 629 2822 volunt
649 2754 852 2841 persuadere,
878 2776 944 2821 non
965 2755 1052 2820 inten‘

100 2881 110 2902 ·
154 2870 232 2926 mas,
251 2848 308 2913 sed
324 2846 364 2914 ab
382 2848 450 2915 aliis
468 2858 687 2935 postmortem
704 2847 835 2914 transire
847 2848 888 2913 ad
901 2848 992 2928 alios,
1012 2857 1052 2916 ab

154 2942 290 3008 maxime
307 2943 348 3008 ad
364 2943 510 3010 virtutem
527 2943 654 3009 excitari
671 2951 783 3031 putant
799 2950 885 3008 metu
898 2944 1011 3010 mortis
1024 2967 1052 3008 n«

154 3035 252 3102 multa
268 3048 429 3123 praeterea
445 3036 485 3102 de
503 3036 656 3104 sideribus
670 3047 763 3122 atque
776 3057 884 3102 eorum
897 3046 997 3116 motu,
1017 3038 1052 3104 de

153 3153 191 3198 ac
216 3140 366 3197 terrarum
388 3131 615 3219 magnitudine,
642 3132 682 3198 de
702 3154 807 3197 rerum
829 3140 955 3210 natura,
984 3132 1026 3197 de
1047 3156 1052 3193 ι

152 3226 372 3294 immortalium
397 3226 430 3291 vi
455 3248 492 3292 ao
517 3235 673 3312 potestate
694 3226 855 3312 disputant
881 3233 912 3291 et
938 3225 1052 3292 iuvent

105 3339 136 3389 15
154 3319 240 3385 dunt,
266 3320 398 3387 alteram
414 3343 515 3407 genus
533 3329 582 3388 est
600 3321 747 3406 equitum.
774 3320 817 3399 hi,
835 3342 908 3387 oum
921 3329 971 3388 est
987 3343 1052 3387 usu

153 3412 279 3497 aliquod
299 3413 416 3480 bellum
441 3415 550 3481 incidit
576 3413 678 3499 (quod
704 3414 770 3481 fere
791 3423 864 3481 ante
890 3413 1039 3483 Caesaris

154 3515 221 3571 tum
237 3509 401 3592 quotannis
419 3509 560 3575 accidere
578 3508 706 3586 solebat,
724 3508 772 3574 uti
788 3518 843 3575 aut
859 3509 921 3594 ipsi
938 3509 1052 3576 iniuria

153 3609 222 3667 rent
242 3610 297 3666 aut
317 3600 418 3668 illatas
439 3602 685 3690 propulsarent),
712 3624 820 3669 omnes
843 3604 877 3667 in
898 3601 980 3669 bello
1003 3625 1052 3670 ver

153 3705 246 3781 atque
264 3717 371 3762 eorum
387 3706 423 3762 ut
439 3698 573 3784 quisque
590 3706 638 3764 est
649 3718 765 3784 genere
778 3696 938 3782 copiisque
952 3697 1052 3785 ampli

153 3791 198 3857 it'a
213 3790 364 3878 plurimos
383 3791 500 3858 circum
518 3815 553 3858 se
570 3791 729 3859 ambactos
748 3791 938 3875 clientesque
955 3790 1052 3860 babet

104 3907 137 3956 16
153 3909 249 3952 unam
269 3887 403 3976 gratiam
427 3889 660 3974 potentiamque
685 3895 848 3953 noverunt.
892 3885 979 3953 natio
1000 3896 1050 3953 est

155 3977 318 4046 Gallorum
335 3982 504 4048 admodum
521 3982 625 4048 dedita
641 3981 844 4069 religionibus
857 3990 952 4068 atque
964 3978 1009 4047 ob
1021 4001 1052 4047 ea

153 4097 231 4154 sam,
250 4075 304 4162 qui
321 4085 393 4144 sunt
409 4075 519 4144 affecti
534 4076 727 4165 gravioribus
744 4076 862 4144 morbis
874 4076 992 4162 quique
1005 4076 1052 4164 inj
