<?xml version="1.0" encoding="UTF-8"?>
<!DOCTYPE html PUBLIC "-//W3C//DTD XHTML 1.0 Transitional//EN"
    "http://www.w3.org/TR/xhtml1/DTD/xhtml1-transitional.dtd">
<html xmlns="http://www.w3.org/1999/xhtml" xml:lang="en" lang="en">
 <head>
  <title>
</title>
<meta http-equiv="Content-Type" content="text/html;charset=utf-8" />
  <meta name='ocr-system' content='tesseract 3.04.00' />
  <meta name='ocr-capabilities' content='ocr_page ocr_carea ocr_par ocr_line ocrx_word'/>
</head>
<body>
  <div class='ocr_page' id='page_1' title='image "./ciuliicaesarisc01krangoog_0172.png"; bbox 0 0 2528 4336; ppageno 0'>
   <div class='ocr_carea' id='block_1_1' title="bbox 182 234 884 302">
    <p class='ocr_par' dir='ltr' id='par_1_1' title="bbox 182 234 884 302">
     <span class='ocr_line' id='line_1_1' title="bbox 182 234 884 302; baseline 0 -2"><span class='ocrx_word' id='word_1_1' title='bbox 182 234 242 301; x_wconf 84' lang='grc'><strong>166</strong></span> <span class='ocrx_word' id='word_1_2' title='bbox 496 245 550 302; x_wconf 79' lang='lat' dir='ltr'><strong>DE</strong></span> <span class='ocrx_word' id='word_1_3' title='bbox 567 242 694 300; x_wconf 83' lang='lat' dir='ltr'><strong>BELLO</strong></span> <span class='ocrx_word' id='word_1_4' title='bbox 714 241 884 302; x_wconf 76' lang='lat' dir='ltr'><strong>GALLIOO</strong></span> 
     </span>
    </p>
   </div>
   <div class='ocr_carea' id='block_1_2' title="bbox 178 367 1201 458">
    <p class='ocr_par' dir='ltr' id='par_1_2' title="bbox 178 367 1201 458">
     <span class='ocr_line' id='line_1_2' title="bbox 178 367 1201 458; baseline -0.004 -20"><span class='ocrx_word' id='word_1_5' title='bbox 178 371 360 452; x_wconf 80' lang='lat' dir='ltr'><strong>defecisset,</strong></span> <span class='ocrx_word' id='word_1_6' title='bbox 387 371 428 437; x_wconf 88' lang='lat' dir='ltr'><strong>ad</strong></span> <span class='ocrx_word' id='word_1_7' title='bbox 453 370 604 458; x_wconf 91' lang='lat' dir='ltr'><strong>oppidum</strong></span> <span class='ocrx_word' id='word_1_8' title='bbox 625 369 804 436; x_wconf 86' lang='lat' dir='ltr'><strong>Lemonum</strong></span> <span class='ocrx_word' id='word_1_9' title='bbox 830 367 999 434; x_wconf 71' lang='lat' dir='ltr'><strong>contendit.</strong></span> <span class='ocrx_word' id='word_1_10' title='bbox 1042 388 1201 452; x_wconf 91' lang='lat' dir='ltr'><strong>quocum</strong></span> 
     </span>
    </p>
   </div>
   <div class='ocr_carea' id='block_1_3' title="bbox 34 462 1222 4144">
    <p class='ocr_par' dir='ltr' id='par_1_3' title="bbox 34 462 1210 1781">
     <span class='ocr_line' id='line_1_3' title="bbox 178 462 1201 550; baseline -0.001 -19"><span class='ocrx_word' id='word_1_11' title='bbox 178 466 359 532; x_wconf 77' lang='lat' dir='ltr'><strong>adventaret</strong></span> <span class='ocrx_word' id='word_1_12' title='bbox 384 474 477 550; x_wconf 88' lang='lat' dir='ltr'><strong>atque</strong></span> <span class='ocrx_word' id='word_1_13' title='bbox 503 487 544 530; x_wconf 88' lang='lat' dir='ltr'><strong>cx</strong></span> <span class='ocrx_word' id='word_1_14' title='bbox 569 463 702 550; x_wconf 87' lang='lat' dir='ltr'><strong>captivis</strong></span> <span class='ocrx_word' id='word_1_15' title='bbox 728 463 842 530; x_wconf 91' lang='lat' dir='ltr'><strong>certius</strong></span> <span class='ocrx_word' id='word_1_16' title='bbox 868 473 1072 550; x_wconf 89' lang='lat' dir='ltr'><strong>cognosceret</strong></span> <span class='ocrx_word' id='word_1_17' title='bbox 1094 462 1201 530; x_wconf 89' lang='lat' dir='ltr'><strong>multis</strong></span> 
     </span>
     <span class='ocr_line' id='line_1_4' title="bbox 177 555 1202 636; baseline -0.004 -10"><span class='ocrx_word' id='word_1_18' title='bbox 177 559 339 628; x_wconf 91' lang='lat' dir='ltr'><strong>hominum</strong></span> <span class='ocrx_word' id='word_1_19' title='bbox 356 558 482 625; x_wconf 90' lang='lat' dir='ltr'><strong>milibus</strong></span> <span class='ocrx_word' id='word_1_20' title='bbox 504 582 524 624; x_wconf 88' lang='lat' dir='ltr'><strong>a</strong></span> <span class='ocrx_word' id='word_1_21' title='bbox 540 557 722 636; x_wconf 91' lang='lat' dir='ltr'><strong>Dumnaco,</strong></span> <span class='ocrx_word' id='word_1_22' title='bbox 750 557 829 623; x_wconf 93' lang='lat' dir='ltr'><strong>duce</strong></span> <span class='ocrx_word' id='word_1_23' title='bbox 846 555 1001 635; x_wconf 87' lang='lat' dir='ltr'><strong>Andium,</strong></span> <span class='ocrx_word' id='word_1_24' title='bbox 1029 555 1202 622; x_wconf 81' lang='lat' dir='ltr'><strong>Duratium</strong></span> 
     </span>
     <span class='ocr_line' id='line_1_5' title="bbox 178 650 1203 740; baseline -0.005 -20"><span class='ocrx_word' id='word_1_25' title='bbox 178 654 320 721; x_wconf 86' lang='lat' dir='ltr'><strong>clausum</strong></span> <span class='ocrx_word' id='word_1_26' title='bbox 332 654 468 719; x_wconf 89' lang='lat' dir='ltr'><strong>Lemoni</strong></span> <span class='ocrx_word' id='word_1_27' title='bbox 485 652 660 740; x_wconf 88' lang='lat' dir='ltr'><strong>oppugnari</strong></span> <span class='ocrx_word' id='word_1_28' title='bbox 676 673 778 738; x_wconf 88' lang='lat' dir='ltr'><strong>neque</strong></span> <span class='ocrx_word' id='word_1_29' title='bbox 789 651 928 718; x_wconf 83' lang='lat' dir='ltr'><strong>infirmas</strong></span> <span class='ocrx_word' id='word_1_30' title='bbox 944 651 1085 738; x_wconf 91' lang='lat' dir='ltr'><strong>legiones</strong></span> <span class='ocrx_word' id='word_1_31' title='bbox 1103 650 1203 716; x_wconf 89' lang='lat' dir='ltr'><strong>hosti-</strong></span> 
     </span>
     <span class='ocr_line' id='line_1_6' title="bbox 177 743 1202 832; baseline -0.004 -18"><span class='ocrx_word' id='word_1_32' title='bbox 177 747 237 816; x_wconf 90' lang='lat' dir='ltr'><strong>bus</strong></span> <span class='ocrx_word' id='word_1_33' title='bbox 255 749 445 815; x_wconf 90' lang='lat' dir='ltr'><strong>committere</strong></span> <span class='ocrx_word' id='word_1_34' title='bbox 461 747 601 826; x_wconf 78' lang='lat' dir='ltr'><strong>auderet,</strong></span> <span class='ocrx_word' id='word_1_35' title='bbox 619 755 722 813; x_wconf 85' lang='lat' dir='ltr'><strong>castra</strong></span> <span class='ocrx_word' id='word_1_36' title='bbox 738 747 843 832; x_wconf 88' lang='lat' dir='ltr'><strong>posuit</strong></span> <span class='ocrx_word' id='word_1_37' title='bbox 855 746 925 812; x_wconf 89' lang='lat' dir='ltr'><strong>loco</strong></span> <span class='ocrx_word' id='word_1_38' title='bbox 938 745 1068 810; x_wconf 90' lang='lat' dir='ltr'><strong>munito.</strong></span> <span class='ocrx_word' id='word_1_39' title='bbox 1096 743 1202 810; x_wconf 93' lang='lat' dir='ltr'><strong>Dum-</strong></span> 
     </span>
     <span class='ocr_line' id='line_1_7' title="bbox 177 840 1201 929; baseline -0.004 -19"><span class='ocrx_word' id='word_1_40' title='bbox 177 865 289 922; x_wconf 88' lang='lat' dir='ltr'><strong>nacus,</strong></span> <span class='ocrx_word' id='word_1_41' title='bbox 321 866 393 908; x_wconf 91' lang='lat' dir='ltr'><strong>cum</strong></span> <span class='ocrx_word' id='word_1_42' title='bbox 418 841 666 929; x_wconf 90' lang='lat' dir='ltr'><strong>appropinquare</strong></span> <span class='ocrx_word' id='word_1_43' title='bbox 695 840 863 907; x_wconf 84' lang='lat' dir='ltr'><strong>Caninium</strong></span> <span class='ocrx_word' id='word_1_44' title='bbox 889 848 1069 929; x_wconf 88' lang='lat' dir='ltr'><strong>cognosset,</strong></span> <span class='ocrx_word' id='word_1_45' title='bbox 1102 840 1201 927; x_wconf 89' lang='lat' dir='ltr'><strong>copiis</strong></span> 
     </span>
     <span class='ocr_line' id='line_1_8' title="bbox 178 935 1203 1024; baseline -0.004 -20"><span class='ocrx_word' id='word_1_46' title='bbox 178 937 324 1004; x_wconf 92' lang='lat' dir='ltr'><strong>omnibus</strong></span> <span class='ocrx_word' id='word_1_47' title='bbox 346 936 388 1003; x_wconf 91' lang='lat' dir='ltr'><strong>ad</strong></span> <span class='ocrx_word' id='word_1_48' title='bbox 408 935 547 1024; x_wconf 83' lang='lat' dir='ltr'><strong>legiones</strong></span> <span class='ocrx_word' id='word_1_49' title='bbox 570 936 729 1002; x_wconf 89' lang='lat' dir='ltr'><strong>conversis</strong></span> <span class='ocrx_word' id='word_1_50' title='bbox 752 945 854 1001; x_wconf 88' lang='lat' dir='ltr'><strong>castra</strong></span> <span class='ocrx_word' id='word_1_51' title='bbox 870 935 1083 1003; x_wconf 90' lang='lat' dir='ltr'><strong>Romanorum</strong></span> <span class='ocrx_word' id='word_1_52' title='bbox 1102 957 1203 1022; x_wconf 92' lang='lat' dir='ltr'><strong>oppu-</strong></span> 
     </span>
     <span class='ocr_line' id='line_1_9' title="bbox 177 1030 1202 1119; baseline -0.003 -21"><span class='ocrx_word' id='word_1_53' title='bbox 177 1054 274 1119; x_wconf 83' lang='lat' dir='ltr'><strong>gnare</strong></span> <span class='ocrx_word' id='word_1_54' title='bbox 290 1031 434 1098; x_wconf 86' lang='lat' dir='ltr'><strong>instituit.</strong></span> <span class='ocrx_word' id='word_1_55' title='bbox 469 1052 542 1096; x_wconf 92' lang='lat' dir='ltr'><strong>cum</strong></span> <span class='ocrx_word' id='word_1_56' title='bbox 558 1030 734 1116; x_wconf 83' lang='lat' dir='ltr'><strong>complures</strong></span> <span class='ocrx_word' id='word_1_57' title='bbox 751 1031 819 1097; x_wconf 91' lang='lat' dir='ltr'><strong>dies</strong></span> <span class='ocrx_word' id='word_1_58' title='bbox 835 1031 869 1097; x_wconf 96' lang='lat' dir='ltr'><strong>in</strong></span> <span class='ocrx_word' id='word_1_59' title='bbox 882 1031 1114 1118; x_wconf 78' lang='lat' dir='ltr'><strong>oppugnatione</strong></span> <span class='ocrx_word' id='word_1_60' title='bbox 1128 1052 1202 1097; x_wconf 93' lang='lat' dir='ltr'><strong>con-</strong></span> 
     </span>
     <span class='ocr_line' id='line_1_10' title="bbox 178 1124 1202 1214; baseline -0.002 -21"><span class='ocrx_word' id='word_1_61' title='bbox 178 1126 364 1213; x_wconf 88' lang='lat' dir='ltr'><strong>sumpsisset</strong></span> <span class='ocrx_word' id='word_1_62' title='bbox 386 1135 417 1192; x_wconf 94' lang='lat' dir='ltr'><strong>et</strong></span> <span class='ocrx_word' id='word_1_63' title='bbox 437 1148 553 1214; x_wconf 90' lang='lat' dir='ltr'><strong>magno</strong></span> <span class='ocrx_word' id='word_1_64' title='bbox 577 1147 705 1191; x_wconf 91' lang='lat' dir='ltr'><strong>suorum</strong></span> <span class='ocrx_word' id='word_1_65' title='bbox 727 1126 910 1192; x_wconf 89' lang='lat' dir='ltr'><strong>detrimento</strong></span> <span class='ocrx_word' id='word_1_66' title='bbox 935 1124 1054 1191; x_wconf 91' lang='lat' dir='ltr'><strong>nullam</strong></span> <span class='ocrx_word' id='word_1_67' title='bbox 1080 1134 1202 1212; x_wconf 88' lang='lat' dir='ltr'><strong>partem</strong></span> 
     </span>
     <span class='ocr_line' id='line_1_11' title="bbox 177 1218 1210 1307; baseline -0.002 -21"><span class='ocrx_word' id='word_1_68' title='bbox 177 1222 385 1287; x_wconf 89' lang='lat' dir='ltr'><strong>munitionum</strong></span> <span class='ocrx_word' id='word_1_69' title='bbox 406 1221 580 1287; x_wconf 86' lang='lat' dir='ltr'><strong>convellere</strong></span> <span class='ocrx_word' id='word_1_70' title='bbox 600 1221 768 1307; x_wconf 89' lang='lat' dir='ltr'><strong>potuisset,</strong></span> <span class='ocrx_word' id='word_1_71' title='bbox 794 1243 902 1287; x_wconf 88' lang='lat' dir='ltr'><strong>rursus</strong></span> <span class='ocrx_word' id='word_1_72' title='bbox 929 1221 970 1286; x_wconf 87' lang='lat' dir='ltr'><strong>ad</strong></span> <span class='ocrx_word' id='word_1_73' title='bbox 992 1218 1210 1290; x_wconf 81' lang='lat' dir='ltr'><strong>obsidendum.</strong></span> 
     </span>
     <span class='ocr_line' id='line_1_12' title="bbox 34 1313 1203 1402; baseline -0.003 -18"><span class='ocrx_word' id='word_1_74' title='bbox 34 1359 37 1364; x_wconf 90' lang='lat'>-</span> <span class='ocrx_word' id='word_1_75' title='bbox 126 1335 159 1385; x_wconf 75' lang='lat'><strong>2⁷</strong></span> <span class='ocrx_word' id='word_1_76' title='bbox 177 1317 356 1382; x_wconf 86' lang='lat' dir='ltr'><strong>Lemonum</strong></span> <span class='ocrx_word' id='word_1_77' title='bbox 372 1315 461 1382; x_wconf 82' lang='lat' dir='ltr'><strong>redit</strong></span> <span class='ocrx_word' id='word_1_78' title='bbox 497 1316 607 1382; x_wconf 92' lang='lat' dir='ltr'><strong>ecdem</strong></span> <span class='ocrx_word' id='word_1_79' title='bbox 625 1324 764 1402; x_wconf 90' lang='lat' dir='ltr'><strong>tempore</strong></span> <span class='ocrx_word' id='word_1_80' title='bbox 783 1313 820 1380; x_wconf 84' lang='lat' dir='ltr'><strong>C.</strong></span> <span class='ocrx_word' id='word_1_81' title='bbox 838 1314 957 1382; x_wconf 82' lang='lat' dir='ltr'><strong>Fabius</strong></span> <span class='ocrx_word' id='word_1_82' title='bbox 974 1314 1203 1401; x_wconf 83' lang='lat' dir='ltr'><strong>legatus&#39;com·</strong></span> 
     </span>
     <span class='ocr_line' id='line_1_13' title="bbox 176 1408 1202 1498; baseline 0 -22"><span class='ocrx_word' id='word_1_83' title='bbox 176 1410 283 1498; x_wconf 92' lang='lat' dir='ltr'><strong>plures</strong></span> <span class='ocrx_word' id='word_1_84' title='bbox 301 1411 442 1476; x_wconf 88' lang='lat' dir='ltr'><strong>civitates</strong></span> <span class='ocrx_word' id='word_1_85' title='bbox 459 1410 493 1475; x_wconf 93' lang='lat' dir='ltr'><strong>in</strong></span> <span class='ocrx_word' id='word_1_86' title='bbox 509 1410 604 1476; x_wconf 87' lang='lat' dir='ltr'><strong>fidem</strong></span> <span class='ocrx_word' id='word_1_87' title='bbox 621 1410 745 1497; x_wconf 89' lang='lat' dir='ltr'><strong>recipit,</strong></span> <span class='ocrx_word' id='word_1_88' title='bbox 772 1408 935 1475; x_wconf 91' lang='lat' dir='ltr'><strong>obsidibus</strong></span> <span class='ocrx_word' id='word_1_89' title='bbox 953 1408 1056 1474; x_wconf 86' lang='lat' dir='ltr'><strong>firmat</strong></span> <span class='ocrx_word' id='word_1_90' title='bbox 1073 1408 1202 1476; x_wconf 89' lang='lat' dir='ltr'><strong>litteris-</strong></span> 
     </span>
     <span class='ocr_line' id='line_1_14' title="bbox 178 1500 1203 1590; baseline -0.001 -20"><span class='ocrx_word' id='word_1_91' title='bbox 178 1526 239 1590; x_wconf 91' lang='lat' dir='ltr'><strong>que</strong></span> <span class='ocrx_word' id='word_1_92' title='bbox 259 1501 321 1571; x_wconf 86' lang='lat' dir='ltr'><strong>Gai</strong></span> <span class='ocrx_word' id='word_1_93' title='bbox 340 1503 454 1572; x_wconf 79' lang='lat' dir='ltr'><strong>Canini</strong></span> <span class='ocrx_word' id='word_1_94' title='bbox 470 1503 575 1570; x_wconf 89' lang='lat' dir='ltr'><strong>Rebili</strong></span> <span class='ocrx_word' id='word_1_95' title='bbox 591 1503 626 1569; x_wconf 86' lang='lat' dir='ltr'><strong>fit</strong></span> <span class='ocrx_word' id='word_1_96' title='bbox 644 1503 768 1583; x_wconf 87' lang='lat' dir='ltr'><strong>certior,</strong></span> <span class='ocrx_word' id='word_1_97' title='bbox 790 1523 872 1587; x_wconf 88' lang='lat' dir='ltr'><strong>quae</strong></span> <span class='ocrx_word' id='word_1_98' title='bbox 892 1503 926 1567; x_wconf 95' lang='lat' dir='ltr'><strong>in</strong></span> <span class='ocrx_word' id='word_1_99' title='bbox 942 1500 1128 1570; x_wconf 89' lang='lat' dir='ltr'><strong>Pictonibus</strong></span> <span class='ocrx_word' id='word_1_100' title='bbox 1144 1526 1203 1590; x_wconf 88' lang='lat' dir='ltr'><strong>ge-</strong></span> 
     </span>
     <span class='ocr_line' id='line_1_15' title="bbox 177 1595 1202 1685; baseline 0 -22"><span class='ocrx_word' id='word_1_101' title='bbox 177 1607 293 1664; x_wconf 87' lang='lat' dir='ltr'><strong>rantur.</strong></span> <span class='ocrx_word' id='word_1_102' title='bbox 342 1598 455 1684; x_wconf 90' lang='lat' dir='ltr'><strong>quibus</strong></span> <span class='ocrx_word' id='word_1_103' title='bbox 476 1597 571 1664; x_wconf 90' lang='lat' dir='ltr'><strong>rebus</strong></span> <span class='ocrx_word' id='word_1_104' title='bbox 594 1597 727 1685; x_wconf 84' lang='lat' dir='ltr'><strong>cognitis</strong></span> <span class='ocrx_word' id='word_1_105' title='bbox 753 1595 958 1683; x_wconf 88' lang='lat' dir='ltr'><strong>proficiscitur</strong></span> <span class='ocrx_word' id='word_1_106' title='bbox 983 1597 1024 1662; x_wconf 86' lang='lat' dir='ltr'><strong>ad</strong></span> <span class='ocrx_word' id='word_1_107' title='bbox 1049 1597 1202 1663; x_wconf 85' lang='lat' dir='ltr'><strong>auxilium</strong></span> 
     </span>
     <span class='ocr_line' id='line_1_16' title="bbox 179 1690 1202 1781; baseline 0.002 -25"><span class='ocrx_word' id='word_1_108' title='bbox 179 1691 314 1757; x_wconf 80' lang='lat' dir='ltr'><strong>Duratio</strong></span> <span class='ocrx_word' id='word_1_109' title='bbox 332 1692 504 1758; x_wconf 83' lang='lat' dir='ltr'><strong>ferendum.</strong></span> <span class='ocrx_word' id='word_1_110' title='bbox 537 1701 580 1757; x_wconf 85' lang='lat' dir='ltr'><strong>&#39;at</strong></span> <span class='ocrx_word' id='word_1_111' title='bbox 596 1690 784 1757; x_wconf 82' lang='lat' dir='ltr'><strong>Dumnacus</strong></span> <span class='ocrx_word' id='word_1_112' title='bbox 807 1691 943 1757; x_wconf 87' lang='lat' dir='ltr'><strong>adventu</strong></span> <span class='ocrx_word' id='word_1_113' title='bbox 959 1690 1053 1759; x_wconf 88' lang='lat' dir='ltr'><strong>Fabii</strong></span> <span class='ocrx_word' id='word_1_114' title='bbox 1075 1693 1202 1781; x_wconf 88' lang='lat' dir='ltr'><strong>cognito</strong></span> 
     </span>
    </p>

    <p class='ocr_par' dir='ltr' id='par_1_4' title="bbox 126 1785 1222 4144">
     <span class='ocr_line' id='line_1_17' title="bbox 156 1785 1203 1873; baseline 0.001 -21"><span class='ocrx_word' id='word_1_115' title='bbox 156 1817 157 1821; x_wconf 42' lang='lat'>¹</span> <span class='ocrx_word' id='word_1_116' title='bbox 180 1787 343 1873; x_wconf 88' lang='lat' dir='ltr'><strong>desperata</strong></span> <span class='ocrx_word' id='word_1_117' title='bbox 361 1785 475 1864; x_wconf 89' lang='lat' dir='ltr'><strong>salute,</strong></span> <span class='ocrx_word' id='word_1_118' title='bbox 503 1787 530 1851; x_wconf 93' lang='lat' dir='ltr'><strong>si</strong></span> <span class='ocrx_word' id='word_1_119' title='bbox 551 1796 690 1872; x_wconf 91' lang='lat' dir='ltr'><strong>tempore</strong></span> <span class='ocrx_word' id='word_1_120' title='bbox 709 1787 820 1852; x_wconf 91' lang='lat' dir='ltr'><strong>eodem</strong></span> <span class='ocrx_word' id='word_1_121' title='bbox 838 1795 964 1852; x_wconf 88' lang='lat' dir='ltr'><strong>coactus</strong></span> <span class='ocrx_word' id='word_1_122' title='bbox 987 1796 1070 1853; x_wconf 90' lang='lat' dir='ltr'><strong>esset</strong></span> <span class='ocrx_word' id='word_1_123' title='bbox 1089 1796 1122 1853; x_wconf 88' lang='lat' dir='ltr'><strong>et</strong></span> <span class='ocrx_word' id='word_1_124' title='bbox 1137 1787 1203 1854; x_wconf 89' lang='lat' dir='ltr'><strong>Ro-</strong></span> 
     </span>
     <span class='ocr_line' id='line_1_18' title="bbox 179 1880 1203 1966; baseline 0.002 -21"><span class='ocrx_word' id='word_1_125' title='bbox 179 1903 306 1946; x_wconf 90' lang='lat' dir='ltr'><strong>manum</strong></span> <span class='ocrx_word' id='word_1_126' title='bbox 324 1888 487 1945; x_wconf 87' lang='lat' dir='ltr'><strong>externum</strong></span> <span class='ocrx_word' id='word_1_127' title='bbox 505 1881 657 1946; x_wconf 89' lang='lat' dir='ltr'><strong>sustinere</strong></span> <span class='ocrx_word' id='word_1_128' title='bbox 674 1880 798 1946; x_wconf 88' lang='lat' dir='ltr'><strong>hostem</strong></span> <span class='ocrx_word' id='word_1_129' title='bbox 815 1889 846 1946; x_wconf 93' lang='lat' dir='ltr'><strong>et</strong></span> <span class='ocrx_word' id='word_1_130' title='bbox 862 1881 1017 1966; x_wconf 87' lang='lat' dir='ltr'><strong>respicere</strong></span> <span class='ocrx_word' id='word_1_131' title='bbox 1038 1901 1076 1945; x_wconf 92' lang='lat' dir='ltr'><strong>ac</strong></span> <span class='ocrx_word' id='word_1_132' title='bbox 1094 1881 1203 1947; x_wconf 87' lang='lat' dir='ltr'><strong>timere</strong></span> 
     </span>
     <span class='ocr_line' id='line_1_19' title="bbox 179 1972 1203 2061; baseline 0 -22"><span class='ocrx_word' id='word_1_133' title='bbox 179 1974 366 2061; x_wconf 90' lang='lat' dir='ltr'><strong>oppidanos,</strong></span> <span class='ocrx_word' id='word_1_134' title='bbox 391 1981 519 2059; x_wconf 90' lang='lat' dir='ltr'><strong>repente</strong></span> <span class='ocrx_word' id='word_1_135' title='bbox 542 1995 582 2039; x_wconf 83' lang='lat' dir='ltr'><strong>ex</strong></span> <span class='ocrx_word' id='word_1_136' title='bbox 599 1996 636 2039; x_wconf 90' lang='lat' dir='ltr'><strong>ec</strong></span> <span class='ocrx_word' id='word_1_137' title='bbox 653 1972 723 2039; x_wconf 92' lang='lat' dir='ltr'><strong>loco</strong></span> <span class='ocrx_word' id='word_1_138' title='bbox 741 1996 814 2039; x_wconf 91' lang='lat' dir='ltr'><strong>cum</strong></span> <span class='ocrx_word' id='word_1_139' title='bbox 835 1975 933 2059; x_wconf 90' lang='lat' dir='ltr'><strong>copiis</strong></span> <span class='ocrx_word' id='word_1_140' title='bbox 954 1973 1072 2038; x_wconf 88' lang='lat' dir='ltr'><strong>recedit</strong></span> <span class='ocrx_word' id='word_1_141' title='bbox 1090 1995 1150 2039; x_wconf 89' lang='lat' dir='ltr'><strong>nec</strong></span> <span class='ocrx_word' id='word_1_142' title='bbox 1169 1996 1203 2040; x_wconf 93' lang='lat' dir='ltr'><strong>se</strong></span> 
     </span>
     <span class='ocr_line' id='line_1_20' title="bbox 179 2066 1203 2154; baseline -0.003 -19"><span class='ocrx_word' id='word_1_143' title='bbox 179 2070 254 2135; x_wconf 90' lang='lat' dir='ltr'><strong>satis</strong></span> <span class='ocrx_word' id='word_1_144' title='bbox 272 2077 374 2134; x_wconf 92' lang='lat' dir='ltr'><strong>tutum</strong></span> <span class='ocrx_word' id='word_1_145' title='bbox 390 2069 457 2134; x_wconf 88' lang='lat' dir='ltr'><strong>fore</strong></span> <span class='ocrx_word' id='word_1_146' title='bbox 476 2066 650 2147; x_wconf 88' lang='lat' dir='ltr'><strong>arbitratur,</strong></span> <span class='ocrx_word' id='word_1_147' title='bbox 669 2068 731 2133; x_wconf 92' lang='lat' dir='ltr'><strong>nisi</strong></span> <span class='ocrx_word' id='word_1_148' title='bbox 747 2069 875 2136; x_wconf 89' lang='lat' dir='ltr'><strong>flumine</strong></span> <span class='ocrx_word' id='word_1_149' title='bbox 892 2067 1012 2154; x_wconf 88' lang='lat' dir='ltr'><strong>Ligeri,</strong></span> <span class='ocrx_word' id='word_1_150' title='bbox 1031 2068 1203 2151; x_wconf 88' lang='lat' dir='ltr'><strong>quoderat</strong></span> 
     </span>
     <span class='ocr_line' id='line_1_21' title="bbox 177 2162 1203 2251; baseline -0.003 -21"><span class='ocrx_word' id='word_1_151' title='bbox 177 2173 272 2251; x_wconf 91' lang='lat' dir='ltr'><strong>ponte</strong></span> <span class='ocrx_word' id='word_1_152' title='bbox 288 2174 413 2251; x_wconf 90' lang='lat' dir='ltr'><strong>propter</strong></span> <span class='ocrx_word' id='word_1_153' title='bbox 430 2163 677 2251; x_wconf 85' lang='lat' dir='ltr'><strong>magnitudinem</strong></span> <span class='ocrx_word' id='word_1_154' title='bbox 699 2163 936 2241; x_wconf 90' lang='lat' dir='ltr'><strong>transeundum,</strong></span> <span class='ocrx_word' id='word_1_155' title='bbox 963 2162 1071 2249; x_wconf 89' lang='lat' dir='ltr'><strong>copias</strong></span> <span class='ocrx_word' id='word_1_156' title='bbox 1094 2163 1203 2228; x_wconf 91' lang='lat' dir='ltr'><strong>tradu-</strong></span> 
     </span>
     <span class='ocr_line' id='line_1_22' title="bbox 177 2255 1205 2343; baseline -0.001 -18"><span class='ocrx_word' id='word_1_157' title='bbox 177 2259 285 2325; x_wconf 88' lang='lat' dir='ltr'><strong>xisset.</strong></span> <span class='ocrx_word' id='word_1_158' title='bbox 311 2258 439 2337; x_wconf 80' lang='lat' dir='ltr'><strong>Fabius,</strong></span> <span class='ocrx_word' id='word_1_159' title='bbox 459 2258 519 2323; x_wconf 88' lang='lat' dir='ltr'><strong>etsi</strong></span> <span class='ocrx_word' id='word_1_160' title='bbox 536 2257 674 2324; x_wconf 91' lang='lat' dir='ltr'><strong>nondum</strong></span> <span class='ocrx_word' id='word_1_161' title='bbox 692 2256 725 2320; x_wconf 91' lang='lat' dir='ltr'><strong>in</strong></span> <span class='ocrx_word' id='word_1_162' title='bbox 742 2267 943 2343; x_wconf 88' lang='lat' dir='ltr'><strong>conspectum</strong></span> <span class='ocrx_word' id='word_1_163' title='bbox 959 2266 1088 2322; x_wconf 86' lang='lat' dir='ltr'><strong>venerat</strong></span> <span class='ocrx_word' id='word_1_164' title='bbox 1105 2255 1205 2324; x_wconf 91' lang='lat' dir='ltr'><strong>hosti-</strong></span> 
     </span>
     <span class='ocr_line' id='line_1_23' title="bbox 178 2350 1203 2438; baseline 0 -19"><span class='ocrx_word' id='word_1_165' title='bbox 178 2351 238 2419; x_wconf 91' lang='lat' dir='ltr'><strong>bus</strong></span> <span class='ocrx_word' id='word_1_166' title='bbox 260 2375 361 2438; x_wconf 90' lang='lat' dir='ltr'><strong>neque</strong></span> <span class='ocrx_word' id='word_1_167' title='bbox 384 2376 418 2418; x_wconf 91' lang='lat' dir='ltr'><strong>se</strong></span> <span class='ocrx_word' id='word_1_168' title='bbox 438 2350 572 2419; x_wconf 84' lang='lat' dir='ltr'><strong>Caninio</strong></span> <span class='ocrx_word' id='word_1_169' title='bbox 595 2352 810 2430; x_wconf 82' lang='lat' dir='ltr'><strong>coniunxerat,</strong></span> <span class='ocrx_word' id='word_1_170' title='bbox 837 2360 943 2416; x_wconf 89' lang='lat' dir='ltr'><strong>tamen</strong></span> <span class='ocrx_word' id='word_1_171' title='bbox 964 2351 1075 2417; x_wconf 90' lang='lat' dir='ltr'><strong>doctus</strong></span> <span class='ocrx_word' id='word_1_172' title='bbox 1093 2352 1135 2419; x_wconf 92' lang='lat' dir='ltr'><strong>ab</strong></span> <span class='ocrx_word' id='word_1_173' title='bbox 1154 2354 1203 2432; x_wconf 91' lang='lat' dir='ltr'><strong>iis,</strong></span> 
     </span>
     <span class='ocr_line' id='line_1_24' title="bbox 178 2444 1203 2532; baseline -0.001 -19"><span class='ocrx_word' id='word_1_174' title='bbox 178 2447 232 2532; x_wconf 93' lang='lat' dir='ltr'><strong>qui</strong></span> <span class='ocrx_word' id='word_1_175' title='bbox 248 2447 388 2514; x_wconf 88' lang='lat' dir='ltr'><strong>locorum</strong></span> <span class='ocrx_word' id='word_1_176' title='bbox 400 2456 551 2513; x_wconf 87' lang='lat' dir='ltr'><strong>noverant</strong></span> <span class='ocrx_word' id='word_1_177' title='bbox 563 2455 716 2525; x_wconf 89' lang='lat' dir='ltr'><strong>naturam,</strong></span> <span class='ocrx_word' id='word_1_178' title='bbox 733 2446 932 2532; x_wconf 89' lang='lat' dir='ltr'><strong>potissimum</strong></span> <span class='ocrx_word' id='word_1_179' title='bbox 945 2444 1077 2512; x_wconf 90' lang='lat' dir='ltr'><strong>credidit</strong></span> <span class='ocrx_word' id='word_1_180' title='bbox 1094 2447 1203 2514; x_wconf 90' lang='lat' dir='ltr'><strong>hostes</strong></span> 
     </span>
     <span class='ocr_line' id='line_1_25' title="bbox 177 2538 1203 2628; baseline 0.001 -22"><span class='ocrx_word' id='word_1_181' title='bbox 177 2541 355 2628; x_wconf 86' lang='lat' dir='ltr'><strong>perterritos</strong></span> <span class='ocrx_word' id='word_1_182' title='bbox 375 2563 447 2606; x_wconf 90' lang='lat' dir='ltr'><strong>eum</strong></span> <span class='ocrx_word' id='word_1_183' title='bbox 463 2540 582 2619; x_wconf 93' lang='lat' dir='ltr'><strong>locum,</strong></span> <span class='ocrx_word' id='word_1_184' title='bbox 603 2563 696 2624; x_wconf 91' lang='lat' dir='ltr'><strong>quem</strong></span> <span class='ocrx_word' id='word_1_185' title='bbox 713 2538 870 2626; x_wconf 77' lang='lat' dir='ltr'><strong>petebant,</strong></span> <span class='ocrx_word' id='word_1_186' title='bbox 889 2539 1050 2625; x_wconf 91' lang='lat' dir='ltr'><strong>petituros.</strong></span> <span class='ocrx_word' id='word_1_187' title='bbox 1095 2542 1203 2626; x_wconf 91' lang='lat' dir='ltr'><strong>itaque</strong></span> 
     </span>
     <span class='ocr_line' id='line_1_26' title="bbox 178 2633 1205 2721; baseline 0.001 -20"><span class='ocrx_word' id='word_1_188' title='bbox 178 2657 251 2701; x_wconf 91' lang='lat' dir='ltr'><strong>cum</strong></span> <span class='ocrx_word' id='word_1_189' title='bbox 268 2635 366 2720; x_wconf 91' lang='lat' dir='ltr'><strong>copiis</strong></span> <span class='ocrx_word' id='word_1_190' title='bbox 384 2635 425 2700; x_wconf 89' lang='lat' dir='ltr'><strong>ad</strong></span> <span class='ocrx_word' id='word_1_191' title='bbox 443 2635 577 2700; x_wconf 92' lang='lat' dir='ltr'><strong>eundem</strong></span> <span class='ocrx_word' id='word_1_192' title='bbox 593 2644 722 2720; x_wconf 86' lang='lat' dir='ltr'><strong>pontem</strong></span> <span class='ocrx_word' id='word_1_193' title='bbox 739 2633 896 2700; x_wconf 86' lang='lat' dir='ltr'><strong>contendit</strong></span> <span class='ocrx_word' id='word_1_194' title='bbox 914 2634 1118 2721; x_wconf 84' lang='lat' dir='ltr'><strong>equitatuque</strong></span> <span class='ocrx_word' id='word_1_195' title='bbox 1136 2645 1205 2702; x_wconf 87' lang='lat' dir='ltr'><strong>tan-</strong></span> 
     </span>
     <span class='ocr_line' id='line_1_27' title="bbox 178 2727 1204 2816; baseline 0.001 -23"><span class='ocrx_word' id='word_1_196' title='bbox 178 2738 245 2793; x_wconf 89' lang='lat' dir='ltr'><strong>tum</strong></span> <span class='ocrx_word' id='word_1_197' title='bbox 266 2729 433 2816; x_wconf 89' lang='lat' dir='ltr'><strong>procedere</strong></span> <span class='ocrx_word' id='word_1_198' title='bbox 455 2737 527 2794; x_wconf 89' lang='lat' dir='ltr'><strong>ante</strong></span> <span class='ocrx_word' id='word_1_199' title='bbox 552 2751 666 2815; x_wconf 82' lang='lat' dir='ltr'><strong>agmen</strong></span> <span class='ocrx_word' id='word_1_200' title='bbox 692 2728 824 2815; x_wconf 89' lang='lat' dir='ltr'><strong>imperat</strong></span> <span class='ocrx_word' id='word_1_201' title='bbox 849 2727 1022 2815; x_wconf 88' lang='lat' dir='ltr'><strong>legionum,</strong></span> <span class='ocrx_word' id='word_1_202' title='bbox 1050 2740 1204 2815; x_wconf 88' lang='lat' dir='ltr'><strong>quantum</strong></span> 
     </span>
     <span class='ocr_line' id='line_1_28' title="bbox 179 2823 1205 2912; baseline 0.004 -24"><span class='ocrx_word' id='word_1_203' title='bbox 179 2844 250 2889; x_wconf 90' lang='lat' dir='ltr'><strong>cum</strong></span> <span class='ocrx_word' id='word_1_204' title='bbox 275 2825 494 2910; x_wconf 88' lang='lat' dir='ltr'><strong>processisset,</strong></span> <span class='ocrx_word' id='word_1_205' title='bbox 522 2823 589 2888; x_wconf 91' lang='lat' dir='ltr'><strong>sine</strong></span> <span class='ocrx_word' id='word_1_206' title='bbox 611 2823 832 2912; x_wconf 87' lang='lat' dir='ltr'><strong>defetigatione</strong></span> <span class='ocrx_word' id='word_1_207' title='bbox 859 2846 1011 2910; x_wconf 88' lang='lat' dir='ltr'><strong>equorum</strong></span> <span class='ocrx_word' id='word_1_208' title='bbox 1036 2826 1205 2892; x_wconf 76' lang='lat' dir='ltr'><strong>incudem</strong></span> 
     </span>
     <span class='ocr_line' id='line_1_29' title="bbox 178 2918 1204 3005; baseline 0.004 -22"><span class='ocrx_word' id='word_1_209' title='bbox 178 2939 212 2983; x_wconf 93' lang='lat' dir='ltr'><strong>se</strong></span> <span class='ocrx_word' id='word_1_210' title='bbox 229 2918 380 3004; x_wconf 89' lang='lat' dir='ltr'><strong>reciperet</strong></span> <span class='ocrx_word' id='word_1_211' title='bbox 397 2926 508 2983; x_wconf 89' lang='lat' dir='ltr'><strong>castra.</strong></span> <span class='ocrx_word' id='word_1_212' title='bbox 553 2928 786 3004; x_wconf 91' lang='lat' dir='ltr'><strong>consequuntur</strong></span> <span class='ocrx_word' id='word_1_213' title='bbox 803 2919 924 3005; x_wconf 88' lang='lat' dir='ltr'><strong>equites</strong></span> <span class='ocrx_word' id='word_1_214' title='bbox 946 2921 1060 2998; x_wconf 90' lang='lat' dir='ltr'><strong>nostri,</strong></span> <span class='ocrx_word' id='word_1_215' title='bbox 1082 2929 1120 2984; x_wconf 94' lang='lat' dir='ltr'><strong>ut</strong></span> <span class='ocrx_word' id='word_1_216' title='bbox 1137 2931 1204 2986; x_wconf 89' lang='lat' dir='ltr'><strong>erat</strong></span> 
     </span>
     <span class='ocr_line' id='line_1_30' title="bbox 176 3011 1205 3102; baseline 0.001 -22"><span class='ocrx_word' id='word_1_217' title='bbox 176 3023 386 3100; x_wconf 86' lang='lat' dir='ltr'><strong>praeceptum,</strong></span> <span class='ocrx_word' id='word_1_218' title='bbox 400 3011 614 3097; x_wconf 83' lang='lat' dir='ltr'><strong>invaduntque</strong></span> <span class='ocrx_word' id='word_1_219' title='bbox 622 3013 782 3080; x_wconf 88' lang='lat' dir='ltr'><strong>Dumnaci</strong></span> <span class='ocrx_word' id='word_1_220' title='bbox 794 3037 908 3102; x_wconf 90' lang='lat' dir='ltr'><strong>agmen</strong></span> <span class='ocrx_word' id='word_1_221' title='bbox 922 3023 953 3081; x_wconf 92' lang='lat' dir='ltr'><strong>et</strong></span> <span class='ocrx_word' id='word_1_222' title='bbox 966 3014 1124 3102; x_wconf 87' lang='lat' dir='ltr'><strong>fugientes</strong></span> <span class='ocrx_word' id='word_1_223' title='bbox 1133 3037 1205 3102; x_wconf 90' lang='lat' dir='ltr'><strong>per·</strong></span> 
     </span>
     <span class='ocr_line' id='line_1_31' title="bbox 177 3105 1205 3196; baseline 0.003 -23"><span class='ocrx_word' id='word_1_224' title='bbox 177 3109 361 3193; x_wconf 85' lang='lat' dir='ltr'><strong>territosque</strong></span> <span class='ocrx_word' id='word_1_225' title='bbox 379 3105 439 3174; x_wconf 89' lang='lat' dir='ltr'><strong>sub</strong></span> <span class='ocrx_word' id='word_1_226' title='bbox 458 3106 586 3172; x_wconf 85' lang='lat' dir='ltr'><strong>sarcinis</strong></span> <span class='ocrx_word' id='word_1_227' title='bbox 604 3107 637 3171; x_wconf 95' lang='lat' dir='ltr'><strong>in</strong></span> <span class='ocrx_word' id='word_1_228' title='bbox 654 3109 763 3174; x_wconf 89' lang='lat' dir='ltr'><strong>itinere</strong></span> <span class='ocrx_word' id='word_1_229' title='bbox 786 3109 930 3196; x_wconf 85' lang='lat' dir='ltr'><strong>aggressi</strong></span> <span class='ocrx_word' id='word_1_230' title='bbox 952 3131 1069 3196; x_wconf 85' lang='lat' dir='ltr'><strong>magna</strong></span> <span class='ocrx_word' id='word_1_231' title='bbox 1084 3110 1205 3195; x_wconf 88' lang='lat' dir='ltr'><strong>praeda</strong></span> 
     </span>
     <span class='ocr_line' id='line_1_32' title="bbox 176 3200 1205 3290; baseline 0.003 -23"><span class='ocrx_word' id='word_1_232' title='bbox 176 3202 282 3268; x_wconf 86' lang='lat' dir='ltr'><strong>multis</strong></span> <span class='ocrx_word' id='word_1_233' title='bbox 300 3200 470 3267; x_wconf 86' lang='lat' dir='ltr'><strong>interfectis</strong></span> <span class='ocrx_word' id='word_1_234' title='bbox 487 3201 655 3287; x_wconf 92' lang='lat' dir='ltr'><strong>potiuntur.</strong></span> <span class='ocrx_word' id='word_1_235' title='bbox 682 3203 777 3267; x_wconf 85' lang='lat' dir='ltr'><strong>itare</strong></span> <span class='ocrx_word' id='word_1_236' title='bbox 795 3201 876 3268; x_wconf 89' lang='lat' dir='ltr'><strong>bene</strong></span> <span class='ocrx_word' id='word_1_237' title='bbox 893 3212 984 3289; x_wconf 90' lang='lat' dir='ltr'><strong>gesta</strong></span> <span class='ocrx_word' id='word_1_238' title='bbox 1002 3224 1036 3267; x_wconf 91' lang='lat' dir='ltr'><strong>se</strong></span> <span class='ocrx_word' id='word_1_239' title='bbox 1047 3203 1205 3290; x_wconf 89' lang='lat' dir='ltr'><strong>recipiunt</strong></span> 
     </span>
     <span class='ocr_line' id='line_1_33' title="bbox 126 3295 1204 3382; baseline -0.001 -17"><span class='ocrx_word' id='word_1_240' title='bbox 126 3315 159 3365; x_wconf 80' lang='lat'><strong>28</strong></span> <span class='ocrx_word' id='word_1_241' title='bbox 176 3296 209 3360; x_wconf 93' lang='lat' dir='ltr'><strong>in</strong></span> <span class='ocrx_word' id='word_1_242' title='bbox 227 3303 337 3362; x_wconf 89' lang='lat' dir='ltr'><strong>castra.</strong></span> <span class='ocrx_word' id='word_1_243' title='bbox 381 3295 556 3381; x_wconf 84' lang='lat' dir='ltr'><strong>insequenti</strong></span> <span class='ocrx_word' id='word_1_244' title='bbox 573 3303 665 3360; x_wconf 90' lang='lat' dir='ltr'><strong>nocte</strong></span> <span class='ocrx_word' id='word_1_245' title='bbox 681 3295 800 3361; x_wconf 85' lang='lat' dir='ltr'><strong>Fabius</strong></span> <span class='ocrx_word' id='word_1_246' title='bbox 824 3296 944 3381; x_wconf 85' lang='lat' dir='ltr'><strong>equites</strong></span> <span class='ocrx_word' id='word_1_247' title='bbox 967 3297 1139 3382; x_wconf 90' lang='lat' dir='ltr'><strong>praemittit</strong></span> <span class='ocrx_word' id='word_1_248' title='bbox 1156 3300 1204 3364; x_wconf 91' lang='lat' dir='ltr'><strong>sic</strong></span> 
     </span>
     <span class='ocr_line' id='line_1_34' title="bbox 176 3391 1202 3480; baseline 0.002 -24"><span class='ocrx_word' id='word_1_249' title='bbox 176 3400 316 3477; x_wconf 89' lang='lat' dir='ltr'><strong>paratos,</strong></span> <span class='ocrx_word' id='word_1_250' title='bbox 342 3400 378 3455; x_wconf 90' lang='lat' dir='ltr'><strong>ut</strong></span> <span class='ocrx_word' id='word_1_251' title='bbox 400 3391 600 3480; x_wconf 87' lang='lat' dir='ltr'><strong>confligerent</strong></span> <span class='ocrx_word' id='word_1_252' title='bbox 621 3399 714 3476; x_wconf 91' lang='lat' dir='ltr'><strong>atque</strong></span> <span class='ocrx_word' id='word_1_253' title='bbox 741 3413 833 3456; x_wconf 90' lang='lat' dir='ltr'><strong>omne</strong></span> <span class='ocrx_word' id='word_1_254' title='bbox 855 3413 971 3479; x_wconf 87' lang='lat' dir='ltr'><strong>agmen</strong></span> <span class='ocrx_word' id='word_1_255' title='bbox 995 3402 1202 3471; x_wconf 87' lang='lat' dir='ltr'><strong>morarentur,</strong></span> 
     </span>
     <span class='ocr_line' id='line_1_35' title="bbox 177 3485 1204 3574; baseline 0.004 -25"><span class='ocrx_word' id='word_1_256' title='bbox 177 3485 253 3550; x_wconf 92' lang='lat' dir='ltr'><strong>dum</strong></span> <span class='ocrx_word' id='word_1_257' title='bbox 270 3494 511 3571; x_wconf 85' lang='lat' dir='ltr'><strong>consequeretur</strong></span> <span class='ocrx_word' id='word_1_258' title='bbox 527 3486 606 3570; x_wconf 88' lang='lat' dir='ltr'><strong>ipse.</strong></span> <span class='ocrx_word' id='word_1_259' title='bbox 651 3485 739 3551; x_wconf 92' lang='lat' dir='ltr'><strong>cuius</strong></span> <span class='ocrx_word' id='word_1_260' title='bbox 757 3486 932 3572; x_wconf 91' lang='lat' dir='ltr'><strong>praeceptis</strong></span> <span class='ocrx_word' id='word_1_261' title='bbox 953 3495 989 3551; x_wconf 92' lang='lat' dir='ltr'><strong>ut</strong></span> <span class='ocrx_word' id='word_1_262' title='bbox 1009 3508 1061 3552; x_wconf 91' lang='lat' dir='ltr'><strong>res</strong></span> <span class='ocrx_word' id='word_1_263' title='bbox 1079 3509 1204 3574; x_wconf 90' lang='lat' dir='ltr'><strong>gerere-</strong></span> 
     </span>
     <span class='ocr_line' id='line_1_36' title="bbox 176 3577 1203 3667; baseline 0.002 -23"><span class='ocrx_word' id='word_1_264' title='bbox 176 3594 240 3658; x_wconf 90' lang='lat' dir='ltr'><strong>tur,</strong></span> <span class='ocrx_word' id='word_1_265' title='bbox 259 3577 397 3662; x_wconf 83' lang='lat' dir='ltr'><strong>Quintus</strong></span> <span class='ocrx_word' id='word_1_266' title='bbox 414 3577 509 3646; x_wconf 88' lang='lat' dir='ltr'><strong>Atius</strong></span> <span class='ocrx_word' id='word_1_267' title='bbox 527 3579 645 3659; x_wconf 92' lang='lat' dir='ltr'><strong>Varus,</strong></span> <span class='ocrx_word' id='word_1_268' title='bbox 664 3579 841 3667; x_wconf 83' lang='lat' dir='ltr'><strong>praefectus</strong></span> <span class='ocrx_word' id='word_1_269' title='bbox 860 3580 1014 3665; x_wconf 90' lang='lat' dir='ltr'><strong>equitum,</strong></span> <span class='ocrx_word' id='word_1_270' title='bbox 1034 3580 1203 3667; x_wconf 84' lang='lat' dir='ltr'><strong>singularis</strong></span> 
     </span>
     <span class='ocr_line' id='line_1_37' title="bbox 177 3672 1203 3762; baseline 0.003 -24"><span class='ocrx_word' id='word_1_271' title='bbox 177 3682 209 3738; x_wconf 89' lang='lat' dir='ltr'><strong>et</strong></span> <span class='ocrx_word' id='word_1_272' title='bbox 220 3672 316 3739; x_wconf 92' lang='lat' dir='ltr'><strong>animi</strong></span> <span class='ocrx_word' id='word_1_273' title='bbox 329 3681 359 3739; x_wconf 91' lang='lat' dir='ltr'><strong>et</strong></span> <span class='ocrx_word' id='word_1_274' title='bbox 370 3673 553 3759; x_wconf 90' lang='lat' dir='ltr'><strong>prudentiae</strong></span> <span class='ocrx_word' id='word_1_275' title='bbox 566 3674 623 3753; x_wconf 86' lang='lat' dir='ltr'><strong>vir,</strong></span> <span class='ocrx_word' id='word_1_276' title='bbox 638 3697 712 3741; x_wconf 91' lang='lat' dir='ltr'><strong>suos</strong></span> <span class='ocrx_word' id='word_1_277' title='bbox 725 3674 867 3740; x_wconf 84' lang='lat' dir='ltr'><strong>hortatur</strong></span> <span class='ocrx_word' id='word_1_278' title='bbox 875 3697 1051 3762; x_wconf 90' lang='lat' dir='ltr'><strong>agmenque</strong></span> <span class='ocrx_word' id='word_1_279' title='bbox 1063 3674 1203 3741; x_wconf 88' lang='lat' dir='ltr'><strong>hostium</strong></span> 
     </span>
     <span class='ocr_line' id='line_1_38' title="bbox 177 3769 1204 3856; baseline 0.003 -24"><span class='ocrx_word' id='word_1_280' title='bbox 177 3776 363 3834; x_wconf 89' lang='lat' dir='ltr'><strong>consecutus</strong></span> <span class='ocrx_word' id='word_1_281' title='bbox 372 3777 490 3833; x_wconf 86' lang='lat' dir='ltr'><strong>turmas</strong></span> <span class='ocrx_word' id='word_1_282' title='bbox 498 3769 612 3854; x_wconf 89' lang='lat' dir='ltr'><strong>partim</strong></span> <span class='ocrx_word' id='word_1_283' title='bbox 624 3769 744 3834; x_wconf 90' lang='lat' dir='ltr'><strong>idoneis</strong></span> <span class='ocrx_word' id='word_1_284' title='bbox 757 3769 835 3835; x_wconf 90' lang='lat' dir='ltr'><strong>locis</strong></span> <span class='ocrx_word' id='word_1_285' title='bbox 850 3769 997 3856; x_wconf 91' lang='lat' dir='ltr'><strong>disponit,</strong></span> <span class='ocrx_word' id='word_1_286' title='bbox 1011 3778 1100 3856; x_wconf 86' lang='lat' dir='ltr'><strong>parte</strong></span> <span class='ocrx_word' id='word_1_287' title='bbox 1114 3770 1204 3854; x_wconf 91' lang='lat' dir='ltr'><strong>equi-</strong></span> 
     </span>
     <span class='ocr_line' id='line_1_39' title="bbox 176 3862 1204 3950; baseline 0.005 -25"><span class='ocrx_word' id='word_1_288' title='bbox 176 3869 243 3925; x_wconf 90' lang='lat' dir='ltr'><strong>turn</strong></span> <span class='ocrx_word' id='word_1_289' title='bbox 257 3862 413 3949; x_wconf 91' lang='lat' dir='ltr'><strong>proelium</strong></span> <span class='ocrx_word' id='word_1_290' title='bbox 431 3863 606 3928; x_wconf 90' lang='lat' dir='ltr'><strong>committit.</strong></span> <span class='ocrx_word' id='word_1_291' title='bbox 622 3904 626 3911; x_wconf 92' lang='lat'><em>-</em></span> <span class='ocrx_word' id='word_1_292' title='bbox 642 3863 781 3950; x_wconf 86' lang='lat' dir='ltr'><strong>confligit</strong></span> <span class='ocrx_word' id='word_1_293' title='bbox 799 3864 950 3930; x_wconf 89' lang='lat' dir='ltr'><strong>audacius</strong></span> <span class='ocrx_word' id='word_1_294' title='bbox 969 3864 1127 3950; x_wconf 88' lang='lat' dir='ltr'><strong>equitatus</strong></span> <span class='ocrx_word' id='word_1_295' title='bbox 1145 3864 1204 3930; x_wconf 93' lang='lat' dir='ltr'><strong>hc-</strong></span> 
     </span>
     <span class='ocr_line' id='line_1_40' title="bbox 160 3955 1203 4046; baseline 0.006 -28"><span class='ocrx_word' id='word_1_296' title='bbox 160 3955 260 4021; x_wconf 87' lang='lat' dir='ltr'><strong>stium</strong></span> <span class='ocrx_word' id='word_1_297' title='bbox 278 3957 529 4027; x_wconf 89' lang='lat' dir='ltr'><strong>succedentibus</strong></span> <span class='ocrx_word' id='word_1_298' title='bbox 548 3957 612 4026; x_wconf 92' lang='lat' dir='ltr'><strong>sibi</strong></span> <span class='ocrx_word' id='word_1_299' title='bbox 627 3958 805 4046; x_wconf 73' lang='lat' dir='ltr'><strong>peditibus3</strong></span> <span class='ocrx_word' id='word_1_300' title='bbox 824 3958 883 4041; x_wconf 86' lang='lat' dir='ltr'><strong>qui</strong></span> <span class='ocrx_word' id='word_1_301' title='bbox 900 3967 967 4022; x_wconf 83' lang='lat' dir='ltr'><strong>toto</strong></span> <span class='ocrx_word' id='word_1_302' title='bbox 987 3957 1111 4041; x_wconf 78' lang='lat' dir='ltr'><strong>agmine</strong></span> <span class='ocrx_word' id='word_1_303' title='bbox 1128 3956 1203 4024; x_wconf 87' lang='lat' dir='ltr'><strong>sub·</strong></span> 
     </span>
     <span class='ocr_line' id='line_1_41' title="bbox 144 4047 1222 4144; baseline 0.001 -34"><span class='ocrx_word' id='word_1_304' title='bbox 144 4048 304 4119; x_wconf 83' lang='lat' dir='ltr'><strong>sistentes</strong></span> <span class='ocrx_word' id='word_1_305' title='bbox 333 4055 506 4144; x_wconf 89' lang='lat' dir='ltr'><strong>equitibus</strong></span> <span class='ocrx_word' id='word_1_306' title='bbox 534 4055 607 4124; x_wconf 88' lang='lat' dir='ltr'><strong>suis</strong></span> <span class='ocrx_word' id='word_1_307' title='bbox 634 4064 751 4122; x_wconf 87' lang='lat' dir='ltr'><strong>contra</strong></span> <span class='ocrx_word' id='word_1_308' title='bbox 773 4050 904 4119; x_wconf 79' lang='lat' dir='ltr'><strong>nostros</strong></span> <span class='ocrx_word' id='word_1_309' title='bbox 927 4048 1037 4113; x_wconf 79' lang='lat' dir='ltr'><strong>ierunt</strong></span> <span class='ocrx_word' id='word_1_310' title='bbox 1058 4047 1222 4111; x_wconf 57' lang='lat' dir='ltr'><strong>auaitum.</strong></span> 
     </span>
    </p>
   </div>
   <div class='ocr_carea' id='block_1_4' title="bbox 0 0 1268 4336">
    <p class='ocr_par' dir='ltr' id='par_1_5' title="bbox 0 0 1268 4336">
     <span class='ocr_line' id='line_1_42' title="bbox 0 0 1268 4336; baseline 0 0"><span class='ocrx_word' id='word_1_311' title='bbox 0 0 1268 4336; x_wconf 95' lang='lat' dir='ltr'><strong> </strong></span> 
     </span>
    </p>
   </div>
  </div>
 </body>
</html>
