2414 4336
155 263 218 333 100
466 277 853 337 nnsuuuocnumco

153 423 266 492 cogere
282 410 376 487 atque
392 401 432 468 iis
448 401 635 481 nationibus,
653 425 734 488 quae
752 403 812 470 sub
829 426 944 472 comm
961 406 1061 474 sintin

153 497 344 577 denuntiare,
362 504 397 563 ut
413 496 529 563 auxilia
544 497 701 583 peditatus
719 499 944 587 equitatusque
961 501 1061 568 mittan

153 592 287 681 cognitis
311 589 406 657 rebus
431 613 498 657 rem
524 589 759 658 frumentariam
783 595 947 680 providet,
978 597 1061 662 castri

152 709 248 753 neum
263 685 368 754 locum
390 683 512 771 deligit3
539 684 633 752 Ubiis
654 687 799 774 imperat,
827 697 865 753 ut
886 711 1004 775 pecora
1023 692 1061 758 de

154 803 272 867 suaque
289 779 395 846 omnia
411 801 451 844 ex
467 780 551 866 agris
569 780 602 845 in
618 781 735 868 oppida
752 782 933 863 conferant,
963 806 1061 872 speron

153 875 244 945 beros
263 883 356 959 atque
372 872 531 959 imperitos
547 872 691 941 homines
704 875 809 962 inopis
821 876 1016 945 cibariorum
1027 879 1061 946 sd

152 971 194 1038 ad
210 969 348 1053 iniquam
365 968 526 1055 pugnandi
543 968 756 1035 condicionem
772 992 870 1055 posse
888 972 1020 1052 deduci;
1038 996 1061 1038 n

152 1075 188 1131 ut
208 1061 333 1131 crebros
354 1062 563 1148 exploratores
584 1063 618 1128 in
636 1060 760 1130 Suebos
777 1065 906 1131 mittant
928 1088 1061 1153 quaeque

153 1180 208 1226 eos
225 1166 372 1246 gerantur
392 1166 592 1244 cognoscant.
635 1157 681 1222 illi
701 1158 855 1245 imperata
876 1159 1003 1227 faciunt
1021 1171 1061 1248 et]

152 1251 264 1321 diebus
284 1251 468 1318 intermissis
489 1248 639 1316 referunt:
666 1248 791 1318 Suebos
817 1275 948 1334 ornnes,
975 1263 1061 1343 poster

152 1347 298 1415 certiores
310 1346 411 1412 nuntii
423 1344 462 1411 de
476 1345 613 1411 exercitu
625 1345 839 1412 Romanorum
851 1349 1008 1430 venerint,
1024 1372 1061 1415 cu

151 1441 244 1511 nibus
261 1441 327 1508 suis
341 1440 556 1524 sociorumque
570 1440 677 1527 copiis,
696 1462 775 1525 quas
788 1442 983 1529 coegissent,
1000 1443 1061 1531 peni

152 1549 307 1604 extremos
324 1534 402 1601 fines
421 1556 490 1600 sese
506 1534 677 1620 recepisse:
695 1534 806 1600 silvam
823 1557 896 1602 esse
915 1536 965 1603 ibi
981 1537 1061 1604 iufiui

152 1631 327 1720 gnitudine,
349 1651 430 1714 quse
447 1628 619 1715 appellatur
635 1628 784 1708 Bacenis3
810 1629 893 1696 hanc
911 1631 1008 1719 longe
1024 1633 1061 1697 int

150 1725 304 1812 pertinere
321 1733 353 1791 et
368 1746 425 1811 pro
443 1724 547 1790 nativo
564 1746 654 1790 muro
671 1723 824 1790 obiectam
838 1723 1023 1794 Cheruscos
1040 1727 1061 1792 sl

151 1818 200 1886 bis
215 1817 401 1903 Suebosque
418 1817 458 1884 ab
473 1816 641 1884 Cheruscis
658 1817 778 1885 iniuriis
794 1819 1061 1905 incursionibusqu

150 1912 271 1979 hibere:
290 1913 331 1978 ad
348 1912 415 1978 eius
432 1912 554 1978 initium
572 1911 668 1978 silvae
687 1909 810 1978 Suebos
829 1913 1005 1980 adventurn
1018 1916 1061 1982 Ro

150 2029 221 2073 rum
238 2017 418 2093 exspectare
436 2006 642 2072 constituisse.

102 2112 133 2163 11
213 2098 369 2184 Quoniam
386 2099 427 2165 ad
444 2098 527 2165 hunc
544 2099 648 2166 locum
664 2107 849 2185 perventum
867 2110 932 2180 est,
956 2103 1061 2169 nonrd

151 2218 221 2263 esse
246 2195 368 2261 videtur
393 2194 433 2260 de
460 2192 582 2261 Galliae
610 2191 858 2277 Germaniaeque
884 2196 1031 2264 moribus
1054 2220 1061 2262 ε

150 2289 295 2356 differant
319 2287 378 2355 hae
400 2289 540 2355 nationes
566 2288 646 2353 inter
672 2309 755 2366 sese,
782 2309 972 2374 proponere.
1016 2292 1048 2356 in

149 2406 213 2450 non
230 2382 332 2450 solum
348 2383 382 2448 in
398 2381 542 2448 omnibus
560 2380 736 2447 civitatibus
754 2390 847 2465 atque
865 2381 899 2447 in
918 2384 1061 2451 omnibus

149 2476 361 2564 partibusque,
381 2476 436 2542 sed
448 2496 547 2563 paene
560 2475 653 2540 etium
666 2476 699 2540 in
713 2474 843 2562 singuiis
858 2474 1011 2544 domibus
1024 2477 1061 2544 fa

152 2580 237 2649 sunt,
264 2592 431 2655 earumque
456 2569 627 2636 factionum
653 2570 808 2656 principes
836 2579 912 2636 sunt
939 2573 997 2657 qui
1022 2596 1061 2640 su

151 2665 365 2732 auctoritatem
387 2685 493 2730 eorum
515 2664 629 2730 iudicio
647 2663 761 2730 hebere
784 2663 1020 2746 existimantur,
1042 2689 1061 2752 q

151 2758 192 2824 ad
208 2757 369 2824 arbitrium
386 2757 596 2843 iudiciumque
615 2780 737 2824 summa
754 2757 892 2824 omnium
910 2782 1020 2827 rerum
1032 2783 1061 2827 co

150 2872 281 2936 rumque
302 2851 417 2916 redeat.
461 2852 565 2937 itaque
587 2854 655 2918 eius
675 2853 721 2917 rei
738 2873 834 2918 causa
853 2853 1031 2940 antiquitus
1050 2856 1061 2919 i

151 2955 217 3011 tum
234 2945 369 3024 videtur,
395 2947 523 3031 nequis
541 2969 581 3011 ex
597 2945 688 3032 plebe
710 2954 816 3012 contra
832 2949 1044 3034 potentiorem

150 3049 268 3128 egeret:
296 3060 370 3105 suos
396 3039 478 3105 enim
500 3040 631 3124 quisque
654 3040 786 3127 opprimi
812 3049 843 3107 et
866 3041 1061 3110 circumveni

149 3134 273 3222 patitur,
292 3155 403 3219 neque,
421 3134 510 3200 aliter
528 3135 555 3200 si
572 3134 680 3214 faciat,
698 3135 793 3200 ullam
810 3135 891 3200 inter
910 3158 987 3203 suos
1006 3136 1061 3202 hab

150 3228 332 3295 ctoritatem.
358 3227 436 3294 haec
453 3227 563 3293 eadem
580 3228 657 3294 ratio
676 3238 723 3295 est
740 3229 773 3294 in
786 3251 910 3294 summa
923 3229 1021 3296 totius
1036 3226 1061 3296 G

103 3339 132 3386 ιι
150 3343 284 3407 namque
301 3343 410 3387 omnes
428 3320 569 3387 civitates
586 3322 620 3387 in
635 3331 740 3409 partes
757 3321 876 3389 divisae
894 3332 971 3389 sunt
984 3325 1061 3390 duos

150 3412 269 3480 Caesar
285 3415 319 3481 in
337 3412 473 3483 Galliam
490 3414 584 3494 venit,
603 3414 728 3481 alterius
746 3415 888 3483 factionis
907 3417 1061 3505 principes

150 3507 286 3587 Haedui,
305 3509 430 3576 alterius
449 3506 597 3594 Sequani.
632 3508 665 3574 hi
683 3531 827 3596 cumper
845 3512 1003 3580 seminus
1022 3511 1061 3578 voi

150 3603 235 3689 quod
248 3625 370 3669 summo
382 3604 548 3670 auctoritas
563 3601 733 3687 antiquitus
747 3604 853 3669 eratin
862 3604 1010 3672 Haeduis
1024 3629 1061 3672 nu

149 3719 212 3784 que
229 3719 335 3763 eorum
358 3707 445 3763 erant
467 3697 640 3775 clientelae,
669 3695 843 3764 Germanos
861 3708 956 3783 atque
974 3699 1061 3766 Arioi

150 3791 211 3859 sibi
228 3790 432 3858 adiunxerant
449 3814 564 3878 eosque
583 3793 623 3858 ad
641 3814 675 3857 se
693 3793 815 3880 magnis
832 3793 960 3860 iacturis
973 3794 1061 3882 pollio

149 3886 303 3971 nibusque
324 3887 540 3972 perduxerant
588 3885 713 3973 proeliis
741 3909 812 3953 vero
838 3887 1050 3974 compluribus

149 3981 294 4047 secundis
311 3989 404 4065 atque
421 3981 506 4046 omni
522 3980 682 4048 nobilitate
699 3980 904 4047 Haeduorum
921 3982 1061 4054 interfect

150 4081 216 4144 bum
232 4074 370 4165 potentia
387 4082 630 4154 antecesserant,
653 4083 689 4140 ut
705 4097 852 4164 magnam
869 4085 992 4166 partem
1010 4077 1061 4147 clie
