2414 4336
383 233 501 291 COMM,
518 235 553 292 V.
570 233 692 292 52-55.
1008 226 1050 295 93

71 359 230 426 lcrabant
252 367 463 443 nocturnaque
484 359 518 424 in
538 361 617 427 locis
644 360 776 427 desertis
798 362 929 428 concilia
954 362 1050 430 habe-

71 463 93 520 t.
144 475 256 538 neque
272 452 373 518 ullum
395 452 461 518 fere
483 454 579 521 totius
601 455 713 523 hiemis
732 465 856 541 tempus
878 455 947 523 sine
965 456 1050 523 solli-

71 547 156 614 dine
178 547 327 614 Caesaris
345 548 534 628 intercessit,
553 550 630 635 quin
646 550 783 634 aliquem
800 550 839 615 de
857 550 995 616 consiliis
1013 573 1050 617 ac

71 665 98 708 u
112 639 288 710 Gallorum
304 642 448 707 nuntium
465 644 629 730 acciperet
656 645 690 709 in
701 644 751 710 his
764 643 804 710 ab
817 644 921 710 Lucio
933 643 1050 711 Roscio

71 735 231 825 restore],
250 758 344 822 quem
362 735 479 824 legioni
495 738 746 806 tertiaedecimae
763 738 965 825 praefecerat,
984 761 1051 806 cer-

88 832 206 899 factus
224 840 281 910 est,
302 854 433 919 magnas
447 828 611 899 Gallorum
629 834 736 920 copias
753 855 863 903 earum
879 830 1049 914 civiutum,

71 949 96 993 e
115 925 326 994 Aremoricae
344 926 554 1013 appellantur,
577 928 780 1016 oppugnandi
797 928 847 995 sui
864 951 961 996 causa
978 950 1052 995 con-

71 1019 150 1087 isse
166 1042 269 1105 neque
286 1020 411 1108 longius
428 1021 514 1087 milia
526 1044 680 1108 passuum
692 1032 762 1089 octo
775 1021 815 1088 ab
828 1021 967 1089 hibernis
985 1023 1051 1090 suis

71 1113 153 1194 isse,
171 1114 229 1180 sad
245 1115 353 1179 nuntio
371 1113 465 1181 allato
482 1115 522 1180 de
538 1115 669 1183 victoria
689 1114 837 1183 Caesaris
856 1115 1049 1195 discessisse,

71 1229 101 1275 to
118 1218 156 1274 ut
172 1207 269 1295 fugae
287 1208 397 1274 similis
416 1208 577 1276 discessus
595 1210 760 1276 videretur.
788 1220 821 1276 at
835 1207 954 1277 Caesar
966 1211 1051 1297 prin-
1068 1231 1100 1280 ot

71 1301 148 1368 ibus
170 1302 322 1387 cuiusque
345 1303 479 1369 civitatis
501 1304 543 1370 ad
565 1326 600 1370 sa
621 1304 759 1371 evocatis
777 1303 855 1370 alias
872 1305 1050 1386 territando,

71 1416 100 1460 n
116 1419 151 1463 se
167 1397 261 1475 seire,
285 1397 507 1481 quaesierant,
529 1399 738 1477 denuntiaret,
765 1398 843 1464 alias
862 1398 1051 1466 cohortando

71 1511 174 1577 ‚gnam
189 1500 311 1577 partem
330 1488 452 1557 Galliae
469 1492 503 1557 in
519 1491 625 1558 officio
643 1493 750 1559 tenuit.
778 1502 883 1559 tamen
897 1489 1049 1572 Senones,

71 1605 110 1649 aa
131 1594 180 1651 est
200 1585 311 1651 civitas
332 1586 494 1673 inprimis
517 1586 608 1653 firma
629 1597 661 1653 et
681 1609 814 1675 magnae
836 1587 917 1654 inter
940 1583 1050 1655 Gallos

71 1679 234 1759 conaus,
263 1678 469 1760 Cavarinum,
496 1703 591 1765 quem
614 1678 734 1748 Caesar
754 1681 839 1769 apud
865 1703 920 1749 eos
941 1703 1050 1770 regem

71 1774 243 1854 nstituerat,
270 1775 358 1841 cuius
377 1775 473 1841 frater
488 1774 684 1865 Moritasgus
708 1777 843 1844 adventu
859 1777 893 1842 in
911 1774 1048 1844 Galliam

71 1869 173 1935 usaria
192 1869 343 1954 cuiusque
356 1870 489 1935 maiores
502 1893 636 1958 regnum
648 1871 854 1951 obtinuerant,
875 1870 1049 1938 interficere

71 1956 152 2029 rblico
174 1963 304 2030 consilio
326 1965 441 2044 conati,
469 1986 541 2031 cum
562 1966 615 2032 ille
636 1968 863 2052 praesensisset
884 1987 922 2033 ao
937 1965 1047 2053 profu-

71 2068 135 2136 sset,
152 2058 307 2143 usquead
319 2058 398 2124 fines
411 2058 553 2140 insecuti,
572 2084 669 2149 regno
684 2061 839 2145 domoque
853 2061 1048 2148 expulerunt,

71 2151 179 2218 -missia
197 2153 239 2219 ad
257 2150 426 2220 Caesarem
445 2155 661 2221 satisfaciundi
678 2177 774 2220 causa
791 2155 912 2240 legatis,
932 2176 1005 2220 cum
1021 2154 1049 2220 is

71 2257 151 2313 turem
167 2247 209 2313 ad
222 2256 413 2314 serenatum
427 2249 530 2315 venire
543 2249 697 2327 iussisset,
716 2249 798 2314 dicto
811 2249 972 2314 audientes
985 2269 1050 2314 non

71 2349 160 2406 erunt.
204 2350 326 2407 tantum
343 2342 428 2428 apud
444 2342 587 2410 homines
605 2343 756 2411 barbaros
778 2342 885 2421 valuit,
904 2363 975 2408 essa
992 2341 1048 2407 ali-

71 2449 105 2500 os
125 2443 267 2522 repertos
292 2436 450 2522 principes
474 2437 548 2503 belli
570 2438 724 2504 inferendi
747 2446 926 2521 tantamque
948 2437 1048 2502 omni·

71 2529 295 2596 svoluntatum
307 2532 582 2598 commutationem
591 2533 702 2610 attulit,
720 2540 886 2618 utpraeter
894 2530 1047 2598 Haeduos

72 2620 208 2706 Remos,
231 2648 311 2711 quos
328 2627 497 2713 praecipuo
517 2649 640 2714 semper
655 2628 774 2694 honore
793 2625 913 2693 Caesar
928 2625 1047 2705 habuit,

71 2738 140 2786 eros
162 2743 218 2806 pro
241 2730 347 2787 vetere
369 2743 406 2787 ac
427 2732 579 2808 perpetua
600 2744 675 2810 arga
700 2721 851 2809 populum
872 2720 1051 2787 Romarm

71 2836 95 2893 e,
114 2814 229 2881 alteros
246 2837 304 2902 pro
320 2814 498 2881 recentibus
518 2812 632 2887 Gallici
649 2815 724 2882 belli
741 2815 862 2894 officiis,
881 2815 968 2881 nulla
984 2814 1051 2881 fere

71 2908 136 2975 itas
158 2909 253 2975 fuerit
274 2932 338 2975 non
357 2919 504 2996 suspecta
521 2909 621 2976 nobis.
666 2911 760 2994 idque
782 2910 861 2976 adeo
882 2909 968 2975 haud
986 2909 1050 2975 scio

71 3003 241 3070 randumne
264 3006 318 3084 sit,
346 3027 418 3070 cum
441 3005 654 3091 compluribus
676 3005 745 3071 aliis
771 3006 811 3070 de
838 3005 956 3082 causis,
983 3013 1051 3070 tum

71 3100 171 3177 nime,
190 3098 275 3183 quod
292 3098 330 3178 ei,
349 3099 404 3182 qui
422 3100 535 3165 virtme
554 3099 627 3165 belli
644 3099 789 3165 omnibus
802 3097 947 3187 gentibus
960 3118 1047 3183 prae·

71 3193 219 3271 ehantur,
246 3202 368 3258 tantum
390 3214 424 3258 se
447 3194 514 3259 eius
542 3194 696 3280 opinionis
720 3191 947 3279 deperdidisse,
974 3200 1050 3256 uta

71 3288 141 3376 Ιαιιίο
160 3287 303 3355 Romano
325 3288 457 3374 imperia
473 3289 660 3375 perferrent,
688 3288 874 3376 gravissime
891 3285 1047 3353 dolebant

71 3383 158 3449 everi
181 3405 256 3449 vero
282 3391 376 3468 atque
402 3383 636 3450 Indutiomarus
663 3385 758 3449 totius
789 3382 901 3447 hiemis
928 3382 1049 3448 nullum
1067 3402 1100 3452 oo

71 3499 152 3564 rpus
169 3477 414 3557 intermiserunt,
442 3479 517 3562 quin
531 3489 624 3546 tram
642 3477 789 3543 Rhenum
806 3475 926 3565 legatos
948 3477 1051 3543 mitte-

71 3581 106 3651 rt,
126 3573 269 3640 civitates
287 3572 501 3652 sollicitarent,
520 3572 669 3658 pecunias
687 3570 915 3659 pollicerentur,
933 3594 1049 3658 magna

71 3677 112 3733 rte
130 3668 287 3733 exercitus
303 3667 403 3733 nostri
418 3667 582 3734 interfecta
599 3666 697 3733 multo
715 3667 866 3733 minorem
885 3687 1049 3753 superesse

71 3771 166 3826 erent
187 3770 319 3847 partem.
361 3783 464 3846 neque
486 3771 590 3828 tamen
611 3760 667 3825 ulli
684 3760 802 3827 civitati
820 3758 1050 3827 Germanorum

71 3855 206 3922 suaderi
227 3855 343 3943 potuit,
369 3865 406 3922 ut
421 3855 569 3922 Rhenum
591 3854 749 3934 transiret,
776 3877 849 3921 cum
871 3876 907 3921 se
928 3853 977 3920 bis
995 3875 1051 3920 ex·

71 3960 130 4017 ‚tos
152 3950 305 4029 dicerent,
329 3947 483 4017 Ariovisti
503 3948 586 4016 bello
608 3959 640 4015 et
661 3949 886 4016 Tencterorum
902 3949 1049 4016 transitu:
1105 3992 1108 4001 ,

71 4069 85 4114 a
108 4067 180 4112 esse
202 4045 336 4139 amplius
354 4045 511 4116 fortunam
532 4053 747 4138 temptaturos.
791 4045 850 4114 hac
868 4065 924 4138 spe
940 4043 1048 4136 lapsus
