2414 4336
162 226 203 296 10
479 236 532 294 DE
549 236 678 294 BELLO
697 234 864 294 GALLICO

159 362 277 431 homini
294 361 358 427 illic
374 360 570 428 nobilissimo
587 383 624 428 ac
641 359 857 447 potentissimo
876 360 1060 443 collocasse,
1079 364 1119 450 ipr

160 481 201 524 ex
212 456 368 523 Helvetiis
385 478 515 522 uxorem
531 455 658 535 habere,
677 476 815 521 sororem
832 477 872 521 ex
888 466 988 522 matre
1006 466 1039 524 et
1057 480 1119 545 pro]

160 575 240 638 quas
258 574 331 619 suas
350 560 483 638 nuptum
500 552 534 616 in
551 551 629 617 alias
648 550 789 617 civitates
807 550 988 619 collocasse.
1024 553 1119 621 farer

160 669 274 735 cupere
298 645 454 712 Helvetiis
479 635 605 732 prop'ter
635 666 705 710 eam
730 644 927 725 affinitatem,
954 647 1064 716 odisse
1091 659 1119 716 et

160 764 218 809 suo
236 739 362 807 nomine
380 739 550 806 Caesarem
568 751 599 805 et
616 738 791 817 Romanos,
813 741 899 825 quod
917 762 1026 807 eorum
1045 742 1119 810 adv<

159 837 298 924 potentia
320 836 387 901 cius
409 835 568 901 deminuta
590 843 621 900 et
642 833 820 900 Divitiacus
845 833 942 901 frater
962 836 996 902 in
1017 839 1119 923 antiqr

158 931 263 998 locum
280 931 398 1018 gratiae
411 940 506 1015 atque
523 929 649 995 honoris
667 929 708 994 sit
724 928 896 996 restitutus.
923 930 1043 1015 siquid
1062 955 1119 999 acc

159 1025 322 1104 Romanis,
342 1046 498 1090 summam
514 1024 548 1088 in
565 1045 653 1110 spem
666 1045 723 1110 per
730 1022 895 1091 Helvetios
912 1027 1003 1114 regni
1020 1027 1119 1093 obtin<

159 1121 265 1187 venire
270 1145 280 1200 ;
306 1119 437 1206 imperio
454 1117 563 1206 populi
579 1116 714 1184 Romam
735 1141 800 1184 non
819 1121 913 1186 modo
931 1121 971 1186 de
987 1143 1104 1208 regno,

160 1215 254 1281 etiam
270 1215 310 1280 de
328 1235 377 1292 ea,
401 1235 495 1298 quam
517 1212 644 1291 habeat,
666 1212 768 1300 gratia
788 1213 962 1299 desperare.
1006 1217 1119 1302 reperit

159 1308 253 1375 etiam
274 1309 308 1373 in
328 1308 506 1393 quaerendo
525 1306 657 1386 Caesar,
680 1308 764 1391 quod
785 1308 938 1394 proelium
959 1319 1107 1393 equestre

159 1423 286 1470 versum
301 1403 411 1488 paucis
430 1411 501 1468 anta
519 1400 629 1468 diebus
647 1411 730 1468 esset
747 1401 880 1482 factum,
902 1402 1025 1468 initium
1044 1404 1113 1471 eius

160 1520 220 1585 gae
237 1496 357 1563 factum
370 1520 389 1562 a
401 1495 599 1583 Dumnorige
617 1504 710 1581 atque
727 1495 795 1562 eius
813 1496 967 1581 equitibus
986 1496 1078 1582 (nam
1096 1520 1119 1564 e«

159 1591 251 1669 tatui,
274 1612 368 1676 quam
386 1590 501 1656 auxilio
520 1589 649 1656 Caesari
665 1590 793 1657 Haedui
814 1591 976 1671 miserant,
999 1591 1119 1657 Dumm

158 1685 328 1772 praeerat)=
341 1706 448 1750 eorum
461 1683 539 1770 fuga
550 1684 704 1769 reliquum
713 1706 783 1751 esse
792 1685 964 1770 equitatum
971 1687 1119 1773 perterrit

109 1799 141 1850 19
159 1778 274 1863 quibus
287 1776 380 1844 rebus
394 1778 537 1864 cognitis,
552 1800 624 1843 oum
641 1779 683 1844 ad
699 1777 757 1844 has
775 1778 968 1865 suspiciones
986 1780 1119 1846 certissir

158 1895 209 1939 res
227 1871 418 1950 accederent,
433 1872 518 1955 quod
534 1893 590 1958 per
606 1871 685 1938 fines
699 1869 917 1958 Sequanorum
933 1872 1104 1942 Helvetios

159 1964 314 2044 duxisset,
340 1965 426 2049 quod
447 1964 573 2032 obsides
594 1964 675 2031 inter
696 1987 750 2032 eos
772 1966 892 2033 dandos
918 1978 1074 2047 curasset,
1099 1991 1119 2054 q

159 2082 197 2126 ea
218 2060 322 2126 omnia
346 2081 410 2125 non
431 2058 525 2125 modo
551 2058 672 2126 iniussu
694 2082 753 2126 suo
775 2069 806 2126 et
827 2060 975 2140 civitatis,
1002 2063 1061 2128 sed
1089 2074 1119 2129 et

158 2152 360 2220 inscientibus
377 2153 455 2240 ipsis
474 2153 614 2236 fecisset,
633 2155 718 2239 quod
735 2178 755 2220 a
771 2155 955 2242 magistratu
972 2155 1119 2224 Haeduo]

160 2257 370 2327 accusaretur,
390 2247 467 2314 satis
484 2269 555 2315 essa
573 2269 687 2314 causae
703 2247 923 2327 arbitrabatur,
942 2271 1039 2334 quare
1057 2250 1093 2316 in
1112 2276 1119 2316 r

159 2353 213 2408 aut
226 2344 294 2429 ipse
308 2342 576 2422 animadverteret,
591 2351 645 2409 aut
657 2342 814 2408 civitatem
828 2343 1076 2410 animadvertere
1094 2346 1119 2411 ir

158 2447 215 2503 ret
250 2437 300 2502 his
318 2435 463 2502 omnibus
481 2436 576 2503 rebus
593 2458 691 2502 unum
708 2438 912 2523 repugnabat,
931 2438 1015 2521 quod
1027 2437 1119 2505 Divit

158 2529 263 2596 fratris
281 2552 439 2594 summum
455 2528 489 2594 in
506 2529 657 2616 populum
664 2529 843 2595 Romanum
861 2531 1008 2610 studium,
1023 2554 1119 2599 sumn

159 2624 193 2690 in
206 2645 241 2689 se
253 2622 455 2701 voluntatem,
470 2623 630 2710 egregiam
646 2622 750 2703 fidem,
769 2624 929 2704 iustitiam,
943 2635 1119 2712 temperant

160 2725 363 2805 cognoveratz
375 2739 459 2796 nam,
472 2739 513 2782 ne
526 2718 593 2784 aias
607 2717 759 2805 supplicio
767 2718 917 2785 Divitiaci
930 2720 1070 2785 animum
1084 2723 1119 2788 ol

160 2812 256 2890 daret,
270 2810 444 2877 verebatur.
479 2811 585 2895 itaque
602 2812 698 2898 prius,
713 2834 807 2896 quam
825 2813 992 2898 quicquam
1005 2834 1119 2882 conare

157 2904 351 2970 Divitiacum
373 2905 414 2970 ad
436 2926 471 2970 se
487 2905 593 2970 vocari
614 2905 701 2972 iubet
722 2915 753 2972 et
775 2907 936 2973 cotidianis
958 2907 1119 2994 interpreti

158 2998 299 3077 remotis,
325 3020 382 3084 per
405 2997 450 3064 0.
465 2997 626 3064 Valerium
647 2998 831 3080 Procillum,
858 3001 1029 3087 principem
1058 3001 1119 3071 Gal

158 3093 345 3180 provinciae,
363 3091 548 3158 familiarem
566 3115 668 3172 suum,
682 3094 734 3159 cui
750 3117 905 3161 summam
918 3096 1058 3161 omnium
1075 3122 1119 3166 rer

158 3186 253 3251 tidem
274 3185 423 3264 habebat,
446 3209 519 3252 cum
537 3209 574 3253 eo
593 3187 791 3271 colloquitur:
818 3189 911 3255 simul
929 3193 1119 3260 commonefr

159 3301 240 3364 quoe
260 3281 330 3366 ipso
351 3290 515 3367 praesenta
535 3281 569 3345 in
589 3282 720 3348 concilio
739 3279 902 3350 Gallorum
924 3285 963 3349 de
979 3283 1119 3355 Dumna

159 3374 221 3440 sint
233 3375 325 3454 dicta,
335 3384 366 3441 et
374 3375 518 3454 ostendit,
528 3397 608 3461 quae
622 3377 788 3462 separatim
796 3379 928 3463 quisque
942 3379 981 3445 de
994 3400 1032 3445 eo
1046 3404 1119 3469 aput

158 3468 279 3534 dixerit.
314 3469 391 3555 petit
408 3480 502 3554 atque
518 3470 667 3549 hortatur,
680 3479 716 3536 ut
728 3471 795 3538 sinc
813 3471 880 3537 eius
894 3472 1067 3540 offensione
1084 3500 1119 3542 ar

159 3561 210 3627 vel
222 3562 291 3647 ipse
304 3563 343 3628 de
357 3585 394 3630 eo
412 3586 509 3630 causa
525 3565 651 3651 cognita
668 3574 792 3644 statuat,
806 3566 857 3632 vel
870 3566 1027 3633 civitatem
1042 3577 1119 3636 stati

108 3675 141 3725 20
157 3654 272 3721 iubeat
315 3656 492 3724 Divitiacus
518 3659 624 3725 multis
646 3680 718 3724 cum
739 3659 873 3727 lacrimis
897 3659 1068 3727 Caesarem
1096 3687 1119 3730 a

157 3751 269 3838 plexus
286 3751 449 3819 obsecrare
462 3754 572 3840 coepit,
585 3776 626 3820 ne
641 3754 718 3838 quid
734 3755 861 3842 gravim
874 3755 908 3820 in
920 3755 1049 3822 fratrem
1063 3767 1119 3824 sta‘

157 3854 218 3912 ret:
237 3846 315 3913 scire
328 3869 363 3913 se
376 3847 430 3912 illa
442 3869 512 3914 esse
525 3870 609 3928 vera,
622 3870 680 3915 nec
693 3870 882 3933 quemquam
896 3872 935 3915 ex
948 3871 985 3916 eo
998 3851 1071 3937 plus

158 3961 194 4004 se
211 3940 325 4006 doloris
344 3963 468 4028 capere,
490 3952 653 4029 propterea
669 3943 767 4027 quod,
790 3943 947 4030 cumipse
964 3944 1066 4031 gratia

3 4041 127 4143 ,11,51;·
140 4055 234 4101 mum
253 4035 343 4105 domi
357 4046 455 4128 atque
472 4037 508 4107 in
524 4037 646 4127 reliqua
662 4034 783 4118 (iall'ra,
799 4037 856 4104 ille
869 4038 1030 4104 minimum
1052 4063 1077 4084 w
