2414 4336
156 244 199 310 80
480 254 531 308 DE
550 251 676 307 BELLO
695 248 863 307 GALLIOO

155 389 267 457 tatum,
290 378 411 466 legatos
429 399 486 464 per
502 376 688 442 Atrebatem
706 375 888 440 Commium
910 373 953 438 de
972 373 1068 439 dediti

157 473 326 540 Caesarem
347 473 450 537 mittit
495 470 628 548 Caesar,
656 491 728 535 cum
750 468 969 534 constituisset
996 467 1068 533 hier

156 568 325 634 continenti
342 577 468 653 propter
488 565 667 652 repentinos
687 561 809 630 Galliae
831 573 954 640 motus,
983 583 1068 647 nequ

155 673 222 727 tum
241 662 367 727 aestatis
387 670 579 746 superesset,
604 669 698 744 atque
714 657 748 721 id
769 657 862 722 facile
881 656 1009 723 extrahi
1029 679 1068 743 po

155 757 327 843 tellegeret,
359 755 485 822 obsides
511 757 644 842 imperat
669 763 714 831 et,
746 753 823 838 quid
851 752 887 817 in
914 775 1019 818 annos
1045 754 1068 818 si

154 850 317 937 vectigalis
334 849 452 935 populo
469 849 613 915 Romano
630 847 794 913 Britannia
814 846 986 932 penderet,
1014 869 1068 912 con

154 943 310 1010 interdicit
335 952 428 1028 atque
454 943 586 1029 imperat
609 941 861 1032 Cassiuellauno,
889 963 931 1005 ne
955 939 1068 1007 Mandr

103 1060 135 1108 23
155 1061 217 1103 neu
234 1036 479 1103 Trinobantibus
497 1049 618 1103 noceat.
663 1035 825 1102 obsidibus
848 1035 993 1121 acceptis
1017 1058 1068 1101 exe

154 1132 275 1199 reducit
295 1132 341 1197 ad
367 1154 465 1210 marc,
493 1153 590 1197 naves
618 1131 737 1197 invenit
761 1129 907 1196 refectas.
954 1130 1008 1196 his
1035 1132 1068 1196 de

154 1226 240 1311 quod
258 1236 289 1292 et
306 1226 499 1312 captivorum
516 1248 668 1313 magnum
688 1246 854 1290 numerum
876 1223 1035 1305 habebat,
1063 1250 1068 1288 t

155 1321 258 1388 nullae
275 1330 459 1407 tempestate
477 1320 672 1407 deperierant
683 1341 791 1397 naves,
809 1318 935 1386 duobus
956 1342 1068 1386 comm<

156 1417 325 1483 exereitum
342 1425 500 1501 reportare
517 1415 659 1480 instituit.
704 1436 742 1480 ao
760 1413 806 1479 sic
824 1414 955 1492 accidit,
979 1415 1028 1479 uti
1045 1437 1068 1481 c:

155 1512 282 1576 navium
304 1532 434 1575 numero
455 1518 501 1574 tot
522 1506 774 1596 navigationibus
796 1529 900 1593 neque
921 1507 988 1577 hoc
1010 1532 1068 1593 neq

155 1607 275 1691 periore
293 1626 375 1669 anno
393 1604 457 1669 ulla
474 1604 600 1669 omnino
618 1603 717 1682 navis,
736 1625 816 1688 quae
834 1603 953 1669 milites
966 1614 1068 1691 portet

157 1700 357 1777 sideraretur3
383 1709 416 1763 at
433 1721 473 1763 ex
490 1698 543 1776 iis,
572 1720 652 1783 quae
669 1699 778 1763 inanes
800 1719 841 1763 ex
858 1699 1037 1765 continenti
1058 1723 1068 1763 r

156 1793 384 1857 remitterentur
405 1800 436 1856 et
456 1791 568 1876 prioris
590 1801 782 1858 commeatus
809 1792 964 1877 expositis
988 1793 1067 1858 milit

157 1908 236 1970 quas
263 1895 373 1971 postea
393 1884 556 1951 Labienus
583 1886 743 1952 faciendas
766 1895 928 1952 curaverat
952 1910 1068 1954 numen

156 2002 331 2067 perpaucae
339 1980 443 2046 locum
452 1989 607 2064 caperent,
625 1980 764 2065 reliquae
777 1980 843 2047 fero
858 2001 971 2047 omnes
986 1983 1068 2048 reice

156 2097 236 2159 quas
255 2096 325 2140 oum
340 2075 532 2159 aliquamdiu
546 2074 666 2140 Caesar
678 2074 795 2140 frustra
812 2085 1042 2161 exspectasset,
1060 2101 1068 2141 r

158 2181 296 2256 tempore
319 2170 558 2257 enavigatione
585 2169 812 2248 excluderetur,
839 2170 925 2253 quod
954 2171 1068 2257 aequin

157 2265 297 2342 suberat,
315 2265 492 2331 necessario
509 2264 673 2350 angustius
691 2263 805 2328 milites
823 2263 991 2331 collocavit
1009 2287 1068 2331 act

157 2359 378 2444 tranquillitate
396 2367 565 2425 consecuta
571 2405 580 2436 ,
600 2357 738 2422 secunda
754 2357 831 2422 inita
848 2378 921 2422 cum
941 2358 1068 2424 solvisse

156 2452 212 2530 lia,
239 2452 339 2537 prima
355 2451 425 2517 luce
443 2460 556 2517 terram
578 2450 682 2537 attigit
704 2473 873 2536 omnesque
894 2451 1068 2518 incolumes

156 2547 311 2633 perduxit.

106 2661 139 2710 24
224 2638 394 2707 Subductis
408 2638 541 2704 navibus
555 2639 749 2724 concilioque
764 2637 927 2706 Gallorum
940 2638 1068 2706 Samart

156 2743 291 2820 peracto,
310 2732 395 2816 quod
413 2753 450 2798 eo
468 2755 549 2798 anno
567 2733 758 2798 frumentum
775 2735 808 2798 in
827 2732 932 2801 Gallia
948 2746 1068 2822 propter

157 2837 236 2893 tates
255 2826 419 2913 angustius
436 2837 633 2912 provenerat,
661 2836 789 2893 coaetus
807 2837 855 2892 est
876 2827 966 2893 aliter
987 2851 1027 2894 ao
1045 2851 1068 2894 st

146 2922 244 3009 ribus
262 2917 352 2987 an‘nis
370 2922 540 2986 exereitum
558 2922 591 2986 in
608 2921 746 2987 hibernis
766 2921 917 2988 collocare
931 2922 1068 3009 legiones

157 3017 262 3102 plures
280 3015 421 3080 civitates
441 3015 635 3081 distribuere.
681 3038 720 3081 ex
738 3015 852 3100 quibus
870 3038 967 3082 unam
988 3016 1023 3081 in
1040 3015 1068 3081 M

157 3109 332 3175 ducendam
355 3106 436 3175 Gaio
459 3109 558 3174 Fabio
584 3109 689 3195 legato
712 3110 811 3190 dedit,
839 3110 969 3177 alteram
995 3111 1029 3176 in
1050 3111 1068 3176 l

159 3202 277 3286 Quinto
296 3203 454 3281 Ciceroni,
473 3203 594 3269 tertiam
612 3204 645 3268 in
662 3203 801 3271 Esubios
819 3205 922 3271 Lucio
939 3205 1068 3283 Rosci0,

157 3306 222 3362 tam
238 3298 272 3369 in
288 3297 397 3363 Remis
420 3319 492 3363 cum
510 3296 583 3362 Tito
600 3297 744 3363 Labieno
766 3299 800 3362 in
821 3298 955 3363 confinio
973 3297 1068 3363 Trevt

158 3391 296 3456 hiemare
321 3392 429 3471 iussit;
461 3401 524 3456 tres
554 3390 588 3456 in
614 3390 723 3478 Belgis
751 3391 927 3457 collocavit:
959 3392 1010 3456 his
1036 3392 1068 3456 M

160 3484 312 3550 Crassum
335 3495 531 3568 quaestorem
559 3503 591 3550 et
612 3486 750 3550 Lucium
772 3485 952 3552 Munatium
974 3485 1068 3552 Plane

125 3579 126 3584 ’
160 3576 277 3645 Gaium
303 3578 495 3646 Trebonium
524 3579 646 3667 legatos
677 3579 838 3666 praefecit.
892 3603 987 3644 unam
1014 3581 1068 3667 leg

158 3673 412 3758 quamproxime
430 3681 515 3740 trans
532 3674 657 3740 Padum
676 3676 916 3759 conscripserat,
940 3683 971 3739 et
989 3675 1068 3740 coho

158 3767 191 3830 in
207 3765 389 3845 Eburones,
416 3788 548 3851 quorum
569 3791 642 3855 pars
664 3770 802 3834 maxima
823 3778 872 3833 est
893 3768 975 3833 inter
994 3767 1068 3835 Mos

158 3858 318 3940 Rhenum,
337 3861 392 3946 qui
409 3860 469 3926 sub
486 3861 618 3948 imperio
634 3861 829 3950 Ambiorigis
849 3873 880 3928 et
899 3861 1067 3930 Catuvolci

159 3952 253 4020 misit
295 3955 346 4021 his
368 3954 517 4022 militibus
541 3956 694 4039 Quintum
712 3956 868 4022 Titurium
888 3954 1045 4024 Sabinum
1066 3991 1068 4011 ι

159 4049 243 4114 cium
264 4048 513 4116 Auramculeium
536 4048 663 4116 Cottam
684 4049 805 4139 legatos
826 4074 974 4139 praeesse
996 4053 1068 4122 iussi
