2528 4336
455 287 573 345 COMM.
590 287 670 345 vm.
688 286 809 342 27-31.
1078 271 1138 338 167

116 381 149 480 tit
170 412 324 502 proelium
351 412 415 478 acri
442 411 619 477 certamine.
668 432 803 495 namque
820 409 928 480 ,nostri
954 410 1139 496 contemptis

116 508 214 595 pridie
237 507 390 594 superatis
412 505 572 584 hostibus,
599 526 672 570 cum
693 502 844 589 subsequi
869 503 1009 590 legiones
1031 504 1140 569 memi-

69 618 72 625 ’
115 603 243 681 nissent,
264 611 295 666 et
311 602 430 687 pudore
449 600 579 666 cedendi
597 608 629 665 et
647 598 817 686 cupiditate
833 620 890 685 per
903 620 938 664 se
956 596 1140 666 conficiendi

69 695 74 707 '
115 695 224 782 proelii
250 695 420 762 fortissime
452 704 560 778 contra
583 694 705 781 pedites
735 689 939 781 proeliantur,
969 693 1139 779 hostesque

69 790 71 799 ¹
115 789 191 855 nihil
213 789 347 875 amplius
371 789 529 874 copiarum
550 810 752 854 accessurum
779 788 953 868 credentes,
980 797 1015 854 ut
1040 788 1140 874 pridie

115 892 339 972 cognoverant,
368 882 493 948 delendi
515 882 671 968 equitatus
693 882 792 948 nostri
813 882 919 948 nancti
945 882 1140 948 occasionem

92 1001 95 1008 ·
114 977 309 1044 videbantur.
355 999 427 1042 cum
444 976 636 1062 aliquamdiu
655 999 778 1042 summa
794 976 991 1043 contentione
1013 976 1140 1042 dimica-
1158 996 1190 1046 29

114 1081 207 1151 retur,
225 1070 412 1137 Dumnacus
430 1070 554 1138 instruit
571 1071 680 1150 aciem,
699 1091 780 1155 quae
798 1071 864 1136 suis
881 1080 966 1137 esset
983 1069 1140 1154 equitibus

114 1166 146 1232 in
172 1166 275 1230 vicem
299 1165 470 1251 praesidio:
503 1186 575 1229 cum
599 1173 728 1251 repente
754 1163 911 1230 confertae
941 1164 1081 1252 legiones
1107 1165 1141 1230 in

115 1269 319 1345 conspectum
336 1258 474 1324 hostium
491 1258 629 1324 veniunt.
667 1258 781 1344 quibus
799 1259 876 1325 visis
893 1259 1055 1346 perculsae
1068 1259 1140 1326 bar·

115 1352 260 1421 batorum
282 1362 402 1419 turmae
424 1376 462 1420 ac
483 1354 664 1440 pertenitae
686 1353 770 1419 acies
796 1352 933 1419 hostium
959 1354 1140 1441 perturbato

88 1460 90 1465 '
114 1447 407 1535 impedimentorum
425 1448 550 1536 agmine
567 1470 684 1535 magno
697 1446 833 1514 clamore
846 1448 1050 1534 discursuque
1066 1472 1140 1537 pas-

116 1541 174 1607 sim
192 1541 288 1630 fugae
306 1565 341 1609 se
359 1542 517 1608 mandant.
562 1550 594 1608 at
610 1542 709 1609 nostri
726 1542 862 1626 equites,
884 1542 939 1627 qui
955 1543 1049 1629 paulo
1067 1554 1139 1611 ante

117 1659 187 1702 cum
204 1637 422 1705 resistentibus
440 1638 610 1704 fortissime
628 1631 840 1718 conflixerant,
857 1638 975 1706 laetitia
991 1638 1139 1706 victoriae

118 1731 188 1798 elati
206 1755 321 1820 magno
338 1733 477 1817 undique
499 1731 635 1799 clamore
658 1733 781 1800 sublato
803 1733 985 1801 cedentibus
1008 1733 1140 1800 circum-

116 1824 192 1905 fusi,
216 1836 368 1910 quantum
385 1849 537 1912 equorum
557 1827 641 1893 vires
663 1828 704 1893 ad
724 1829 976 1915 persequendum
998 1828 1141 1895 dextrae-

116 1941 175 2004 que
193 1922 234 1986 ad
251 1922 445 1987 caedendum
462 1921 581 2000 valent,
608 1931 731 1988 tantum
748 1945 785 1989 eo
803 1923 920 2010 proelio
941 1922 1138 1990 interficiunt.

115 2014 220 2100 itaque
246 2015 379 2103 amplius
405 2015 533 2083 milibus
559 2015 633 2083 XII
655 2027 709 2083 aut
730 2027 921 2083 armatorum
942 2027 997 2083 aut
1020 2040 1137 2097 eornm,

116 2110 169 2192 qui
184 2131 221 2176 eo
234 2111 344 2176 timore
358 2134 443 2176 arma
455 2111 659 2197 proiecerant,
672 2112 844 2177 interfectis
858 2112 959 2177 omnis
973 2111 1138 2178 multitudo

117 2202 235 2289 capitur
264 2204 565 2290 impedimentorum.
591 2214 674 2290 'qua
705 2226 745 2270 ex
773 2204 852 2291 fuga
881 2226 953 2270 cum
984 2214 1140 2271 constaret
1157 2227 1190 2278 ao

115 2295 309 2383 Drappetem
320 2296 487 2376 Senonem,
502 2298 565 2383 qui,
580 2307 614 2362 ut
626 2298 764 2383 primum
777 2299 934 2365 defecerat
948 2295 1061 2378 Gallia,
1076 2300 1139 2366 col-

115 2389 202 2456 lectis
221 2392 358 2477 undique
374 2392 504 2478 perditis
522 2391 712 2473 hominibus,
731 2393 829 2461 servis
843 2393 884 2459 ad
896 2392 1071 2460 libertatem
1083 2417 1139 2461 vo-

116 2485 206 2562 catis,
226 2484 369 2551 exulibus
387 2486 526 2552 omnium
545 2486 707 2553 civitatum
724 2488 845 2566 ascitis,
863 2488 996 2574 receptis
1013 2488 1140 2554 latroni·

115 2576 174 2644 bus
192 2577 415 2664 impedimenta
432 2589 463 2645 et
481 2591 674 2647 commeatus
692 2582 907 2650 Romanorum
923 2582 1137 2669 interceperat,

115 2694 177 2737 non
195 2672 329 2759 amplius
350 2673 514 2742 hominum
534 2675 662 2742 milibus
685 2701 725 2743 ex
746 2677 824 2765 fuga
846 2677 983 2762 quinque
1000 2676 1138 2744 collectis

114 2765 306 2852 provinciam
328 2778 434 2856 petere
458 2792 584 2855 unaque
610 2771 774 2836 consilium
800 2793 872 2837 cum
894 2793 932 2837 eo
953 2771 1138 2838 Lucterium

115 2859 296 2927 Cadurcum
322 2864 457 2948 cepisse,
484 2886 580 2948 quem
606 2865 764 2950 superiore
790 2866 1012 2932 commentario
1038 2867 1140 2953 prima

114 2954 288 3020 defectione
308 2954 430 3023 Galliae
447 2957 551 3022 facere
568 2959 602 3022 in
618 2958 812 3045 provinciam
833 2961 971 3027 voluisse
987 2961 1139 3047 impetum

115 3050 274 3136 cognitum
293 3061 349 3130 est,
370 3050 522 3117 Caninius
539 3051 663 3140 legatus
682 3075 754 3120 cum
771 3054 947 3141 legionibus
961 3053 1084 3120 duabus
1097 3055 1139 3120 ad

114 3166 168 3210 eos
184 3147 419 3232 persequendos
437 3147 604 3226 contendit,
622 3171 663 3214 ne
680 3148 865 3216 detrimento
878 3159 932 3215 aut
945 3150 1055 3215 timore
1067 3172 1139 3236 pro-

113 3239 234 3307 vinciae
252 3265 367 3331 magna
383 3243 513 3310 infamia
525 3244 717 3331 perditorum
730 3245 892 3310 hominum
904 3244 1073 3311 latrociniis
1087 3267 1139 3311 ca·

113 3344 267 3418 peretur..
292 3335 393 3404 Gaius
411 3336 530 3404 Fabius
549 3361 622 3404 cum
638 3339 758 3422 reliquo
776 3339 914 3404 exercitu
929 3339 964 3403 in
982 3337 1137 3407 Carnutes
1156 3360 1188 3410 sl

115 3437 295 3513 ceterasque
312 3431 519 3516 proficiscitur
536 3433 687 3517 civitates,
706 3454 838 3516 quarum
851 3453 889 3498 eo
905 3433 1034 3518 proelio,
1053 3435 1138 3519 quod

116 3543 188 3587 cum
204 3521 372 3590 Dumnaco
390 3523 521 3605 fecerat,
544 3527 650 3613 copias
673 3549 744 3592 esse
766 3526 886 3592 accisas
904 3526 1033 3594 sciebat.
1075 3551 1140 3594 non

115 3616 198 3682 enim
216 3615 392 3697 dubitabat,
416 3619 491 3703 quin
508 3619 625 3684 recenti
647 3618 822 3685 calamitate
841 3621 1070 3690 summissiores
1088 3642 1139 3686 es-

115 3719 184 3776 sent
201 3709 334 3791 futurae,
352 3713 425 3778 dato
443 3735 517 3780 vero
531 3714 631 3799 spatio
644 3736 682 3780 ac
694 3723 834 3801 tempore
847 3714 958 3781 eodem
969 3716 1138 3803 instigante

113 3802 283 3872 Dumnaco
304 3817 435 3893 possent
456 3808 613 3874 concitari.
662 3830 724 3894 qua
745 3810 779 3874 in
799 3831 833 3875 re
860 3832 983 3875 summa
1004 3809 1136 3876 felicitas

114 3897 317 3985 celeritasque
334 3901 368 3972 in
383 3901 570 3990 recipiendis
584 3902 765 3970 civitatibus
775 3903 921 3971 Fabium
934 3903 1159 3984 conseqxiuor.

107 4014 181 4055 narn
202 3990 369 4076 Carnutes,
391 3997 448 4083 qui
467 4021 565 4088 saepe
581 4001 697 4070 vexati
710 4023 900 4089 numquam
917 3999 1017 4085 pacis
1028 3994 1189 4057 fecerant

95 4084 300 4167 mentionem,
329 4090 413 4160 datis
437 4095 616 4170 obsidibus
635 4099 842 4171 veniuntin
857 4094 1095 4165 deditionem,
1118 4083 1217 4141 &W
