<?xml version="1.0" encoding="UTF-8"?>
<!DOCTYPE html PUBLIC "-//W3C//DTD XHTML 1.0 Transitional//EN"
    "http://www.w3.org/TR/xhtml1/DTD/xhtml1-transitional.dtd">
<html xmlns="http://www.w3.org/1999/xhtml" xml:lang="en" lang="en">
 <head>
  <title>
</title>
<meta http-equiv="Content-Type" content="text/html;charset=utf-8" />
  <meta name='ocr-system' content='tesseract 3.04.00' />
  <meta name='ocr-capabilities' content='ocr_page ocr_carea ocr_par ocr_line ocrx_word'/>
</head>
<body>
  <div class='ocr_page' id='page_1' title='image "./ciuliicaesarisc01krangoog_0073.png"; bbox 0 0 2528 4336; ppageno 0'>
   <div class='ocr_carea' id='block_1_1' title="bbox 414 262 1092 332">
    <p class='ocr_par' dir='ltr' id='par_1_1' title="bbox 414 262 1092 332">
     <span class='ocr_line' id='line_1_1' title="bbox 414 262 1092 332; baseline 0 -2"><span class='ocrx_word' id='word_1_1' title='bbox 414 271 532 330; x_wconf 81' lang='lat' dir='ltr'><strong>CObffl.</strong></span> <span class='ocrx_word' id='word_1_2' title='bbox 547 273 616 330; x_wconf 82' lang='grc' dir='ltr'><strong>ΠΗ.</strong></span> <span class='ocrx_word' id='word_1_3' title='bbox 632 275 753 332; x_wconf 75' lang='lat'><strong>26-81.</strong></span> <span class='ocrx_word' id='word_1_4' title='bbox 1051 262 1092 330; x_wconf 81' lang='grc'><strong>67</strong></span> 
     </span>
    </p>
   </div>
   <div class='ocr_carea' id='block_1_2' title="bbox 79 395 1205 4085">
    <p class='ocr_par' dir='ltr' id='par_1_2' title="bbox 79 395 1205 2567">
     <span class='ocr_line' id='line_1_2' title="bbox 79 395 1091 486; baseline 0 -20"><span class='ocrx_word' id='word_1_5' title='bbox 79 408 147 467; x_wconf 88' lang='lat' dir='ltr'><strong>ortu</strong></span> <span class='ocrx_word' id='word_1_6' title='bbox 172 396 240 465; x_wconf 82' lang='lat' dir='ltr'><strong>lani</strong></span> <span class='ocrx_word' id='word_1_7' title='bbox 264 406 359 465; x_wconf 87' lang='lat' dir='ltr'><strong>vento</strong></span> <span class='ocrx_word' id='word_1_8' title='bbox 385 395 555 464; x_wconf 88' lang='lat' dir='ltr'><strong>solverunt.</strong></span> <span class='ocrx_word' id='word_1_9' title='bbox 599 420 681 485; x_wconf 89' lang='lat' dir='ltr'><strong>quae</strong></span> <span class='ocrx_word' id='word_1_10' title='bbox 707 420 780 465; x_wconf 92' lang='lat' dir='ltr'><strong>cum</strong></span> <span class='ocrx_word' id='word_1_11' title='bbox 806 399 1091 486; x_wconf 82' lang='lat' dir='ltr'><strong>appropinquarent</strong></span> 
     </span>
     <span class='ocr_line' id='line_1_3' title="bbox 79 492 1090 581; baseline 0.002 -22"><span class='ocrx_word' id='word_1_12' title='bbox 79 492 241 560; x_wconf 67' lang='lat' dir='ltr'><strong>Britanniae</strong></span> <span class='ocrx_word' id='word_1_13' title='bbox 260 501 292 559; x_wconf 84' lang='lat' dir='ltr'><strong>et</strong></span> <span class='ocrx_word' id='word_1_14' title='bbox 307 514 349 558; x_wconf 83' lang='lat' dir='ltr'><strong>cx</strong></span> <span class='ocrx_word' id='word_1_15' title='bbox 366 493 477 559; x_wconf 87' lang='lat' dir='ltr'><strong>castris</strong></span> <span class='ocrx_word' id='word_1_16' title='bbox 490 493 681 573; x_wconf 88' lang='lat' dir='ltr'><strong>viderentur,</strong></span> <span class='ocrx_word' id='word_1_17' title='bbox 700 503 787 560; x_wconf 86' lang='lat' dir='ltr'><strong>tanta</strong></span> <span class='ocrx_word' id='word_1_18' title='bbox 800 503 970 581; x_wconf 88' lang='lat' dir='ltr'><strong>tempestas</strong></span> <span class='ocrx_word' id='word_1_19' title='bbox 986 495 1090 562; x_wconf 92' lang='lat' dir='ltr'><strong>subito</strong></span> 
     </span>
     <span class='ocr_line' id='line_1_4' title="bbox 79 586 1091 676; baseline 0.002 -21"><span class='ocrx_word' id='word_1_20' title='bbox 79 598 164 655; x_wconf 85' lang='lat' dir='ltr'><strong>oorta</strong></span> <span class='ocrx_word' id='word_1_21' title='bbox 181 596 242 666; x_wconf 88' lang='lat' dir='ltr'><strong>est,</strong></span> <span class='ocrx_word' id='word_1_22' title='bbox 260 596 297 653; x_wconf 88' lang='lat' dir='ltr'><strong>ut</strong></span> <span class='ocrx_word' id='word_1_23' title='bbox 313 586 400 653; x_wconf 93' lang='lat' dir='ltr'><strong>nulla</strong></span> <span class='ocrx_word' id='word_1_24' title='bbox 416 609 525 655; x_wconf 88' lang='lat' dir='ltr'><strong>earnm</strong></span> <span class='ocrx_word' id='word_1_25' title='bbox 542 609 670 655; x_wconf 91' lang='lat' dir='ltr'><strong>cursum</strong></span> <span class='ocrx_word' id='word_1_26' title='bbox 687 597 793 655; x_wconf 89' lang='lat' dir='ltr'><strong>tenere</strong></span> <span class='ocrx_word' id='word_1_27' title='bbox 805 597 922 676; x_wconf 83' lang='lat' dir='ltr'><strong>posset,</strong></span> <span class='ocrx_word' id='word_1_28' title='bbox 942 588 998 655; x_wconf 93' lang='lat' dir='ltr'><strong>sed</strong></span> <span class='ocrx_word' id='word_1_29' title='bbox 1011 589 1091 657; x_wconf 84' lang='lat' dir='ltr'><strong>aliae</strong></span> 
     </span>
     <span class='ocr_line' id='line_1_5' title="bbox 79 681 1093 770; baseline 0 -21"><span class='ocrx_word' id='word_1_30' title='bbox 79 682 183 762; x_wconf 84' lang='lat' dir='ltr'><strong>odem,</strong></span> <span class='ocrx_word' id='word_1_31' title='bbox 209 681 297 748; x_wconf 90' lang='lat' dir='ltr'><strong>unde</strong></span> <span class='ocrx_word' id='word_1_32' title='bbox 314 690 404 748; x_wconf 90' lang='lat' dir='ltr'><strong>erant</strong></span> <span class='ocrx_word' id='word_1_33' title='bbox 419 682 594 770; x_wconf 84' lang='lat' dir='ltr'><strong>profectae,</strong></span> <span class='ocrx_word' id='word_1_34' title='bbox 621 683 825 764; x_wconf 83' lang='lat' dir='ltr'><strong>referrentur,</strong></span> <span class='ocrx_word' id='word_1_35' title='bbox 853 683 931 749; x_wconf 87' lang='lat' dir='ltr'><strong>aliae</strong></span> <span class='ocrx_word' id='word_1_36' title='bbox 953 683 995 749; x_wconf 92' lang='lat' dir='ltr'><strong>ad</strong></span> <span class='ocrx_word' id='word_1_37' title='bbox 1011 683 1093 749; x_wconf 83' lang='lat' dir='ltr'><strong>inse-</strong></span> 
     </span>
     <span class='ocr_line' id='line_1_6' title="bbox 79 775 1091 865; baseline 0.003 -24"><span class='ocrx_word' id='word_1_38' title='bbox 79 775 171 843; x_wconf 88' lang='lat' dir='ltr'><strong>iorem</strong></span> <span class='ocrx_word' id='word_1_39' title='bbox 192 785 316 863; x_wconf 86' lang='lat' dir='ltr'><strong>partem</strong></span> <span class='ocrx_word' id='word_1_40' title='bbox 338 775 474 855; x_wconf 89' lang='lat' dir='ltr'><strong>insulae,</strong></span> <span class='ocrx_word' id='word_1_41' title='bbox 502 799 584 862; x_wconf 90' lang='lat' dir='ltr'><strong>quae</strong></span> <span class='ocrx_word' id='word_1_42' title='bbox 607 786 656 843; x_wconf 88' lang='lat' dir='ltr'><strong>est</strong></span> <span class='ocrx_word' id='word_1_43' title='bbox 677 778 809 865; x_wconf 90' lang='lat' dir='ltr'><strong>propius</strong></span> <span class='ocrx_word' id='word_1_44' title='bbox 837 777 912 844; x_wconf 92' lang='lat' dir='ltr'><strong>solis</strong></span> <span class='ocrx_word' id='word_1_45' title='bbox 934 799 1091 857; x_wconf 87' lang='lat' dir='ltr'><strong>occasum,</strong></span> 
     </span>
     <span class='ocr_line' id='line_1_7' title="bbox 79 871 1091 960; baseline 0 -21"><span class='ocrx_word' id='word_1_46' title='bbox 79 893 173 960; x_wconf 88' lang='lat' dir='ltr'><strong>mgno</strong></span> <span class='ocrx_word' id='word_1_47' title='bbox 191 871 243 939; x_wconf 92' lang='lat' dir='ltr'><strong>sui</strong></span> <span class='ocrx_word' id='word_1_48' title='bbox 260 893 333 937; x_wconf 91' lang='lat' dir='ltr'><strong>cum</strong></span> <span class='ocrx_word' id='word_1_49' title='bbox 348 871 488 959; x_wconf 88' lang='lat' dir='ltr'><strong>periculo</strong></span> <span class='ocrx_word' id='word_1_50' title='bbox 507 872 722 952; x_wconf 78' lang='lat' dir='ltr'><strong>deicerent1u3</strong></span> <span class='ocrx_word' id='word_1_51' title='bbox 744 895 825 959; x_wconf 88' lang='lat' dir='ltr'><strong>quae</strong></span> <span class='ocrx_word' id='word_1_52' title='bbox 843 886 948 939; x_wconf 90' lang='lat' dir='ltr'><strong>tamen</strong></span> <span class='ocrx_word' id='word_1_53' title='bbox 969 872 1091 939; x_wconf 90' lang='lat' dir='ltr'><strong>ancoris</strong></span> 
     </span>
     <span class='ocr_line' id='line_1_8' title="bbox 80 964 1092 1053; baseline 0.001 -20"><span class='ocrx_word' id='word_1_54' title='bbox 80 967 146 1033; x_wconf 81' lang='lat' dir='ltr'><strong>sctis</strong></span> <span class='ocrx_word' id='word_1_55' title='bbox 156 988 232 1032; x_wconf 88' lang='lat' dir='ltr'><strong>curn</strong></span> <span class='ocrx_word' id='word_1_56' title='bbox 242 964 391 1032; x_wconf 88' lang='lat' dir='ltr'><strong>fluctibus</strong></span> <span class='ocrx_word' id='word_1_57' title='bbox 405 965 645 1053; x_wconf 88' lang='lat' dir='ltr'><strong>complerentur,</strong></span> <span class='ocrx_word' id='word_1_58' title='bbox 665 968 845 1034; x_wconf 88' lang='lat' dir='ltr'><strong>necessario</strong></span> <span class='ocrx_word' id='word_1_59' title='bbox 859 968 992 1034; x_wconf 90' lang='lat' dir='ltr'><strong>adversa</strong></span> <span class='ocrx_word' id='word_1_60' title='bbox 999 975 1092 1034; x_wconf 86' lang='lat' dir='ltr'><strong>nocte</strong></span> 
     </span>
     <span class='ocr_line' id='line_1_9' title="bbox 79 1061 1140 1150; baseline 0.006 -23"><span class='ocrx_word' id='word_1_61' title='bbox 79 1061 208 1129; x_wconf 79' lang='lat' dir='ltr'><strong>nultum</strong></span> <span class='ocrx_word' id='word_1_62' title='bbox 229 1069 398 1148; x_wconf 74' lang='lat' dir='ltr'><strong>provectae</strong></span> <span class='ocrx_word' id='word_1_63' title='bbox 420 1061 632 1128; x_wconf 89' lang='lat' dir='ltr'><strong>continentem</strong></span> <span class='ocrx_word' id='word_1_64' title='bbox 654 1063 821 1150; x_wconf 86' lang='lat' dir='ltr'><strong>petierunt</strong></span> <span class='ocrx_word' id='word_1_65' title='bbox 867 1064 977 1130; x_wconf 89' lang='lat' dir='ltr'><strong>eadem</strong></span> <span class='ocrx_word' id='word_1_66' title='bbox 998 1072 1089 1129; x_wconf 88' lang='lat' dir='ltr'><strong>noete</strong></span> <span class='ocrx_word' id='word_1_67' title='bbox 1107 1082 1140 1133; x_wconf 73' lang='lat'><strong>2⁹</strong></span> 
     </span>
     <span class='ocr_line' id='line_1_10' title="bbox 80 1155 1093 1243; baseline 0.001 -20"><span class='ocrx_word' id='word_1_68' title='bbox 80 1156 180 1235; x_wconf 76' lang='lat' dir='ltr'><strong>recidit,</strong></span> <span class='ocrx_word' id='word_1_69' title='bbox 199 1166 237 1222; x_wconf 89' lang='lat' dir='ltr'><strong>ut</strong></span> <span class='ocrx_word' id='word_1_70' title='bbox 254 1165 339 1239; x_wconf 85' lang='lat' dir='ltr'><strong>esset</strong></span> <span class='ocrx_word' id='word_1_71' title='bbox 354 1155 430 1222; x_wconf 90' lang='lat' dir='ltr'><strong>luna</strong></span> <span class='ocrx_word' id='word_1_72' title='bbox 446 1155 551 1243; x_wconf 89' lang='lat' dir='ltr'><strong>plena,</strong></span> <span class='ocrx_word' id='word_1_73' title='bbox 569 1157 624 1242; x_wconf 93' lang='lat' dir='ltr'><strong>qui</strong></span> <span class='ocrx_word' id='word_1_74' title='bbox 636 1156 704 1223; x_wconf 91' lang='lat' dir='ltr'><strong>dies</strong></span> <span class='ocrx_word' id='word_1_75' title='bbox 719 1157 892 1224; x_wconf 86' lang='lat' dir='ltr'><strong>maritimos</strong></span> <span class='ocrx_word' id='word_1_76' title='bbox 906 1167 1012 1224; x_wconf 90' lang='lat' dir='ltr'><strong>aestus</strong></span> <span class='ocrx_word' id='word_1_77' title='bbox 1025 1181 1093 1224; x_wconf 89' lang='lat' dir='ltr'><strong>ma-</strong></span> 
     </span>
     <span class='ocr_line' id='line_1_11' title="bbox 80 1246 1092 1338; baseline 0.001 -22"><span class='ocrx_word' id='word_1_78' title='bbox 80 1249 161 1317; x_wconf 85' lang='lat' dir='ltr'><strong>rimos</strong></span> <span class='ocrx_word' id='word_1_79' title='bbox 178 1250 214 1317; x_wconf 90' lang='lat' dir='ltr'><strong>in</strong></span> <span class='ocrx_word' id='word_1_80' title='bbox 233 1246 364 1318; x_wconf 84' lang='lat' dir='ltr'><strong>Oceano</strong></span> <span class='ocrx_word' id='word_1_81' title='bbox 382 1249 508 1316; x_wconf 85' lang='lat' dir='ltr'><strong>efficere</strong></span> <span class='ocrx_word' id='word_1_82' title='bbox 525 1251 697 1329; x_wconf 87' lang='lat' dir='ltr'><strong>consuevit,</strong></span> <span class='ocrx_word' id='word_1_83' title='bbox 715 1252 893 1338; x_wconf 86' lang='lat' dir='ltr'><strong>nostrisque</strong></span> <span class='ocrx_word' id='word_1_84' title='bbox 910 1252 944 1317; x_wconf 94' lang='lat' dir='ltr'><strong>id</strong></span> <span class='ocrx_word' id='word_1_85' title='bbox 962 1263 1028 1317; x_wconf 90' lang='lat' dir='ltr'><strong>erat</strong></span> <span class='ocrx_word' id='word_1_86' title='bbox 1044 1252 1092 1317; x_wconf 91' lang='lat' dir='ltr'><strong>in·</strong></span> 
     </span>
     <span class='ocr_line' id='line_1_12' title="bbox 80 1344 1205 1434; baseline 0.003 -24"><span class='ocrx_word' id='word_1_87' title='bbox 80 1344 230 1434; x_wconf 81' lang='lat' dir='ltr'><strong>cognitum.</strong></span> <span class='ocrx_word' id='word_1_88' title='bbox 256 1344 301 1411; x_wconf 89' lang='lat' dir='ltr'><strong>ita</strong></span> <span class='ocrx_word' id='word_1_89' title='bbox 316 1366 381 1410; x_wconf 92' lang='lat' dir='ltr'><strong>uno</strong></span> <span class='ocrx_word' id='word_1_90' title='bbox 394 1354 534 1431; x_wconf 88' lang='lat' dir='ltr'><strong>tempore</strong></span> <span class='ocrx_word' id='word_1_91' title='bbox 548 1354 580 1410; x_wconf 92' lang='lat' dir='ltr'><strong>et</strong></span> <span class='ocrx_word' id='word_1_92' title='bbox 591 1344 703 1432; x_wconf 89' lang='lat' dir='ltr'><strong>longas</strong></span> <span class='ocrx_word' id='word_1_93' title='bbox 717 1368 825 1425; x_wconf 92' lang='lat' dir='ltr'><strong>naves,</strong></span> <span class='ocrx_word' id='word_1_94' title='bbox 843 1346 958 1431; x_wconf 91' lang='lat' dir='ltr'><strong>quibus</strong></span> <span class='ocrx_word' id='word_1_95' title='bbox 973 1345 1092 1412; x_wconf 83' lang='lat' dir='ltr'><strong>Caesar</strong></span> <span class='ocrx_word' id='word_1_96' title='bbox 1200 1363 1205 1372; x_wconf 89' lang='grc'><em>·</em></span> 
     </span>
     <span class='ocr_line' id='line_1_13' title="bbox 80 1439 1090 1527; baseline 0.001 -22"><span class='ocrx_word' id='word_1_97' title='bbox 80 1439 233 1505; x_wconf 82' lang='lat' dir='ltr'><strong>uereitum</strong></span> <span class='ocrx_word' id='word_1_98' title='bbox 253 1441 529 1526; x_wconf 89' lang='lat' dir='ltr'><strong>transportandum</strong></span> <span class='ocrx_word' id='word_1_99' title='bbox 556 1448 720 1507; x_wconf 83' lang='lat' dir='ltr'><strong>curaverat</strong></span> <span class='ocrx_word' id='word_1_100' title='bbox 745 1462 887 1527; x_wconf 91' lang='lat' dir='ltr'><strong>quasque</strong></span> <span class='ocrx_word' id='word_1_101' title='bbox 912 1441 946 1505; x_wconf 91' lang='lat' dir='ltr'><strong>in</strong></span> <span class='ocrx_word' id='word_1_102' title='bbox 967 1440 1090 1506; x_wconf 92' lang='lat' dir='ltr'><strong>aridum</strong></span> 
     </span>
     <span class='ocr_line' id='line_1_14' title="bbox 80 1533 1091 1622; baseline 0.002 -22"><span class='ocrx_word' id='word_1_103' title='bbox 80 1533 267 1615; x_wconf 87' lang='lat' dir='ltr'><strong>subduxerat,</strong></span> <span class='ocrx_word' id='word_1_104' title='bbox 297 1544 404 1602; x_wconf 89' lang='lat' dir='ltr'><strong>aestus</strong></span> <span class='ocrx_word' id='word_1_105' title='bbox 430 1534 654 1622; x_wconf 85' lang='lat' dir='ltr'><strong>compleverat,</strong></span> <span class='ocrx_word' id='word_1_106' title='bbox 682 1547 714 1601; x_wconf 91' lang='lat' dir='ltr'><strong>et</strong></span> <span class='ocrx_word' id='word_1_107' title='bbox 739 1536 910 1615; x_wconf 88' lang='lat' dir='ltr'><strong>onerarias,</strong></span> <span class='ocrx_word' id='word_1_108' title='bbox 942 1557 1024 1622; x_wconf 89' lang='lat' dir='ltr'><strong>quae</strong></span> <span class='ocrx_word' id='word_1_109' title='bbox 1050 1535 1091 1602; x_wconf 88' lang='lat' dir='ltr'><strong>ad</strong></span> 
     </span>
     <span class='ocr_line' id='line_1_15' title="bbox 80 1629 1091 1718; baseline 0 -23"><span class='ocrx_word' id='word_1_110' title='bbox 80 1650 191 1696; x_wconf 84' lang='lat' dir='ltr'><strong>mooras</strong></span> <span class='ocrx_word' id='word_1_111' title='bbox 209 1639 299 1696; x_wconf 88' lang='lat' dir='ltr'><strong>erant</strong></span> <span class='ocrx_word' id='word_1_112' title='bbox 316 1630 486 1718; x_wconf 81' lang='lat' dir='ltr'><strong>deligatae,</strong></span> <span class='ocrx_word' id='word_1_113' title='bbox 510 1639 681 1716; x_wconf 90' lang='lat' dir='ltr'><strong>tempestas</strong></span> <span class='ocrx_word' id='word_1_114' title='bbox 699 1630 883 1708; x_wconf 87' lang='lat' dir='ltr'><strong>afflictabat,</strong></span> <span class='ocrx_word' id='word_1_115' title='bbox 907 1652 1009 1715; x_wconf 92' lang='lat' dir='ltr'><strong>neque</strong></span> <span class='ocrx_word' id='word_1_116' title='bbox 1027 1629 1091 1696; x_wconf 91' lang='lat' dir='ltr'><strong>ulla</strong></span> 
     </span>
     <span class='ocr_line' id='line_1_16' title="bbox 80 1723 1090 1792; baseline 0 -2"><span class='ocrx_word' id='word_1_117' title='bbox 80 1725 175 1792; x_wconf 84' lang='lat' dir='ltr'><strong>uostris</strong></span> <span class='ocrx_word' id='word_1_118' title='bbox 197 1723 332 1791; x_wconf 80' lang='lat' dir='ltr'><strong>facultas</strong></span> <span class='ocrx_word' id='word_1_119' title='bbox 350 1733 406 1790; x_wconf 91' lang='lat' dir='ltr'><strong>aut</strong></span> <span class='ocrx_word' id='word_1_120' title='bbox 422 1724 662 1791; x_wconf 91' lang='lat' dir='ltr'><strong>administrandi</strong></span> <span class='ocrx_word' id='word_1_121' title='bbox 679 1734 734 1791; x_wconf 91' lang='lat' dir='ltr'><strong>aut</strong></span> <span class='ocrx_word' id='word_1_122' title='bbox 758 1725 931 1791; x_wconf 90' lang='lat' dir='ltr'><strong>auxiliandi</strong></span> <span class='ocrx_word' id='word_1_123' title='bbox 947 1724 1090 1792; x_wconf 87' lang='lat' dir='ltr'><strong>dabatur.</strong></span> 
     </span>
     <span class='ocr_line' id='line_1_17' title="bbox 81 1818 1090 1907; baseline 0.002 -23"><span class='ocrx_word' id='word_1_124' title='bbox 81 1818 275 1907; x_wconf 70' lang='lat' dir='ltr'><strong>compluribus</strong></span> <span class='ocrx_word' id='word_1_125' title='bbox 292 1818 428 1886; x_wconf 91' lang='lat' dir='ltr'><strong>navibus</strong></span> <span class='ocrx_word' id='word_1_126' title='bbox 450 1818 558 1885; x_wconf 82' lang='lat' dir='ltr'><strong>fractis</strong></span> <span class='ocrx_word' id='word_1_127' title='bbox 575 1819 716 1905; x_wconf 91' lang='lat' dir='ltr'><strong>reliquae</strong></span> <span class='ocrx_word' id='word_1_128' title='bbox 734 1843 806 1886; x_wconf 91' lang='lat' dir='ltr'><strong>cum</strong></span> <span class='ocrx_word' id='word_1_129' title='bbox 828 1830 935 1888; x_wconf 90' lang='lat' dir='ltr'><strong>essent</strong></span> <span class='ocrx_word' id='word_1_130' title='bbox 951 1820 1090 1898; x_wconf 85' lang='lat' dir='ltr'><strong>funibus,</strong></span> 
     </span>
     <span class='ocr_line' id='line_1_18' title="bbox 82 1913 1092 2002; baseline -0.002 -22"><span class='ocrx_word' id='word_1_131' title='bbox 82 1913 184 1980; x_wconf 72' lang='lat' dir='ltr'><strong>uude</strong></span> <span class='ocrx_word' id='word_1_132' title='bbox 210 1913 402 1999; x_wconf 85' lang='lat' dir='ltr'><strong>reliquisque</strong></span> <span class='ocrx_word' id='word_1_133' title='bbox 428 1913 629 1980; x_wconf 88' lang='lat' dir='ltr'><strong>armamentis</strong></span> <span class='ocrx_word' id='word_1_134' title='bbox 656 1915 780 1981; x_wconf 88' lang='lat' dir='ltr'><strong>amissis</strong></span> <span class='ocrx_word' id='word_1_135' title='bbox 812 1916 855 1981; x_wconf 91' lang='lat' dir='ltr'><strong>ad</strong></span> <span class='ocrx_word' id='word_1_136' title='bbox 878 1914 1092 2002; x_wconf 88' lang='lat' dir='ltr'><strong>navigandum</strong></span> 
     </span>
     <span class='ocr_line' id='line_1_19' title="bbox 82 2003 1093 2096; baseline 0.002 -25"><span class='ocrx_word' id='word_1_137' title='bbox 82 2003 197 2088; x_wconf 85' lang='lat' dir='ltr'><strong>innb&#39;les,</strong></span> <span class='ocrx_word' id='word_1_138' title='bbox 216 2031 346 2096; x_wconf 84' lang='lat' dir='ltr'><strong>magna,</strong></span> <span class='ocrx_word' id='word_1_139' title='bbox 363 2008 398 2074; x_wconf 95' lang='lat' dir='ltr'><strong>id</strong></span> <span class='ocrx_word' id='word_1_140' title='bbox 415 2009 502 2094; x_wconf 90' lang='lat' dir='ltr'><strong>quod</strong></span> <span class='ocrx_word' id='word_1_141' title='bbox 518 2030 647 2075; x_wconf 88' lang='lat' dir='ltr'><strong>neeesse</strong></span> <span class='ocrx_word' id='word_1_142' title='bbox 666 2018 733 2075; x_wconf 89' lang='lat' dir='ltr'><strong>erat</strong></span> <span class='ocrx_word' id='word_1_143' title='bbox 750 2009 905 2089; x_wconf 88' lang='lat' dir='ltr'><strong>accidere,</strong></span> <span class='ocrx_word' id='word_1_144' title='bbox 924 2009 1020 2075; x_wconf 89' lang='lat' dir='ltr'><strong>totius</strong></span> <span class='ocrx_word' id='word_1_145' title='bbox 1038 2030 1093 2074; x_wconf 85' lang='lat' dir='ltr'><strong>ex-</strong></span> 
     </span>
     <span class='ocr_line' id='line_1_20' title="bbox 83 2100 1092 2190; baseline 0.001 -23"><span class='ocrx_word' id='word_1_146' title='bbox 83 2102 177 2170; x_wconf 85' lang='lat' dir='ltr'><strong>ereitus</strong></span> <span class='ocrx_word' id='word_1_147' title='bbox 202 2100 397 2190; x_wconf 78' lang='lat' dir='ltr'><strong>pertuubatio</strong></span> <span class='ocrx_word' id='word_1_148' title='bbox 422 2102 508 2169; x_wconf 85' lang='lat' dir='ltr'><strong>facta</strong></span> <span class='ocrx_word' id='word_1_149' title='bbox 535 2111 593 2169; x_wconf 89' lang='lat' dir='ltr'><strong>est.</strong></span> <span class='ocrx_word' id='word_1_150' title='bbox 642 2125 744 2188; x_wconf 92' lang='lat' dir='ltr'><strong>neque</strong></span> <span class='ocrx_word' id='word_1_151' title='bbox 771 2104 855 2168; x_wconf 90' lang='lat' dir='ltr'><strong>enim</strong></span> <span class='ocrx_word' id='word_1_152' title='bbox 880 2125 977 2169; x_wconf 90' lang='lat' dir='ltr'><strong>naves</strong></span> <span class='ocrx_word' id='word_1_153' title='bbox 1004 2111 1092 2168; x_wconf 90' lang='lat' dir='ltr'><strong>erant</strong></span> 
     </span>
     <span class='ocr_line' id='line_1_21' title="bbox 83 2192 1092 2285; baseline -0.001 -22"><span class='ocrx_word' id='word_1_154' title='bbox 83 2192 153 2276; x_wconf 80' lang='lat' dir='ltr'><strong>dise,</strong></span> <span class='ocrx_word' id='word_1_155' title='bbox 169 2195 286 2283; x_wconf 89' lang='lat' dir='ltr'><strong>quibus</strong></span> <span class='ocrx_word' id='word_1_156' title='bbox 303 2198 454 2284; x_wconf 85' lang='lat' dir='ltr'><strong>reportari</strong></span> <span class='ocrx_word' id='word_1_157' title='bbox 470 2207 611 2285; x_wconf 85' lang='lat' dir='ltr'><strong>possent,</strong></span> <span class='ocrx_word' id='word_1_158' title='bbox 630 2206 662 2263; x_wconf 92' lang='lat' dir='ltr'><strong>et</strong></span> <span class='ocrx_word' id='word_1_159' title='bbox 679 2197 784 2263; x_wconf 90' lang='lat' dir='ltr'><strong>omnia</strong></span> <span class='ocrx_word' id='word_1_160' title='bbox 802 2199 938 2275; x_wconf 87' lang='lat' dir='ltr'><strong>deerant,</strong></span> <span class='ocrx_word' id='word_1_161' title='bbox 957 2218 1037 2280; x_wconf 84' lang='lat' dir='ltr'><strong>quae</strong></span> <span class='ocrx_word' id='word_1_162' title='bbox 1050 2195 1092 2262; x_wconf 91' lang='lat' dir='ltr'><strong>ad</strong></span> 
     </span>
     <span class='ocr_line' id='line_1_22' title="bbox 83 2287 1091 2376; baseline -0.001 -21"><span class='ocrx_word' id='word_1_163' title='bbox 83 2289 247 2357; x_wconf 76' lang='lat' dir='ltr'><strong>reficiendas</strong></span> <span class='ocrx_word' id='word_1_164' title='bbox 264 2313 363 2357; x_wconf 88' lang='lat' dir='ltr'><strong>naves</strong></span> <span class='ocrx_word' id='word_1_165' title='bbox 381 2301 469 2357; x_wconf 87' lang='lat' dir='ltr'><strong>erant</strong></span> <span class='ocrx_word' id='word_1_166' title='bbox 485 2292 572 2370; x_wconf 90' lang='lat' dir='ltr'><strong>usui,</strong></span> <span class='ocrx_word' id='word_1_167' title='bbox 592 2301 636 2370; x_wconf 89' lang='lat' dir='ltr'><strong>et,</strong></span> <span class='ocrx_word' id='word_1_168' title='bbox 660 2291 746 2376; x_wconf 92' lang='lat' dir='ltr'><strong>quod</strong></span> <span class='ocrx_word' id='word_1_169' title='bbox 762 2290 907 2356; x_wconf 92' lang='lat' dir='ltr'><strong>omnibus</strong></span> <span class='ocrx_word' id='word_1_170' title='bbox 926 2287 1091 2355; x_wconf 84' lang='lat' dir='ltr'><strong>constabat</strong></span> 
     </span>
     <span class='ocr_line' id='line_1_23' title="bbox 84 2378 1092 2472; baseline -0.001 -22"><span class='ocrx_word' id='word_1_171' title='bbox 84 2378 194 2451; x_wconf 81' lang='lat' dir='ltr'><strong>hiemari</strong></span> <span class='ocrx_word' id='word_1_172' title='bbox 209 2385 244 2451; x_wconf 91' lang='lat' dir='ltr'><strong>in</strong></span> <span class='ocrx_word' id='word_1_173' title='bbox 262 2381 367 2452; x_wconf 87' lang='lat' dir='ltr'><strong>Gallia</strong></span> <span class='ocrx_word' id='word_1_174' title='bbox 384 2394 535 2472; x_wconf 90' lang='lat' dir='ltr'><strong>oportere,</strong></span> <span class='ocrx_word' id='word_1_175' title='bbox 553 2386 746 2452; x_wconf 85' lang='lat' dir='ltr'><strong>frumentum</strong></span> <span class='ocrx_word' id='word_1_176' title='bbox 762 2384 813 2450; x_wconf 91' lang='lat' dir='ltr'><strong>his</strong></span> <span class='ocrx_word' id='word_1_177' title='bbox 830 2384 864 2450; x_wconf 91' lang='lat' dir='ltr'><strong>in</strong></span> <span class='ocrx_word' id='word_1_178' title='bbox 880 2384 958 2450; x_wconf 87' lang='lat' dir='ltr'><strong>locis</strong></span> <span class='ocrx_word' id='word_1_179' title='bbox 975 2384 1009 2449; x_wconf 94' lang='lat' dir='ltr'><strong>in</strong></span> <span class='ocrx_word' id='word_1_180' title='bbox 1025 2383 1092 2449; x_wconf 88' lang='lat' dir='ltr'><strong>hie-</strong></span> 
     </span>
     <span class='ocr_line' id='line_1_24' title="bbox 84 2479 500 2567; baseline 0.005 -23"><span class='ocrx_word' id='word_1_181' title='bbox 84 2497 149 2544; x_wconf 86' lang='lat' dir='ltr'><strong>uem</strong></span> <span class='ocrx_word' id='word_1_182' title='bbox 163 2479 327 2567; x_wconf 87' lang='lat' dir='ltr'><strong>provisum</strong></span> <span class='ocrx_word' id='word_1_183' title='bbox 342 2502 407 2546; x_wconf 91' lang='lat' dir='ltr'><strong>non</strong></span> <span class='ocrx_word' id='word_1_184' title='bbox 424 2490 500 2547; x_wconf 88' lang='lat' dir='ltr'><strong>erat.</strong></span> 
     </span>
    </p>

    <p class='ocr_par' dir='ltr' id='par_1_3' title="bbox 83 2572 1140 4085">
     <span class='ocr_line' id='line_1_25' title="bbox 132 2572 1139 2662; baseline 0.001 -22"><span class='ocrx_word' id='word_1_185' title='bbox 132 2572 256 2659; x_wconf 82' lang='lat' dir='ltr'><strong>Quibus</strong></span> <span class='ocrx_word' id='word_1_186' title='bbox 276 2573 372 2641; x_wconf 91' lang='lat' dir='ltr'><strong>rebus</strong></span> <span class='ocrx_word' id='word_1_187' title='bbox 393 2575 526 2662; x_wconf 89' lang='lat' dir='ltr'><strong>cognitis</strong></span> <span class='ocrx_word' id='word_1_188' title='bbox 548 2575 704 2661; x_wconf 88' lang='lat' dir='ltr'><strong>principes</strong></span> <span class='ocrx_word' id='word_1_189' title='bbox 722 2573 916 2653; x_wconf 85' lang='lat' dir='ltr'><strong>Britanniae,</strong></span> <span class='ocrx_word' id='word_1_190' title='bbox 942 2573 997 2659; x_wconf 91' lang='lat' dir='ltr'><strong>qui</strong></span> <span class='ocrx_word' id='word_1_191' title='bbox 1017 2582 1090 2659; x_wconf 89' lang='lat' dir='ltr'><strong>post</strong></span> <span class='ocrx_word' id='word_1_192' title='bbox 1107 2593 1139 2643; x_wconf 80' lang='lat' dir='ltr'><strong>ao</strong></span> 
     </span>
     <span class='ocr_line' id='line_1_26' title="bbox 84 2667 1092 2750; baseline -0.003 -14"><span class='ocrx_word' id='word_1_193' title='bbox 84 2667 216 2750; x_wconf 67' lang='lat' dir='ltr'><strong>{lucabum</strong></span> <span class='ocrx_word' id='word_1_194' title='bbox 230 2669 273 2736; x_wconf 87' lang='lat' dir='ltr'><strong>ad</strong></span> <span class='ocrx_word' id='word_1_195' title='bbox 285 2667 456 2736; x_wconf 83' lang='lat' dir='ltr'><strong>Caesarem</strong></span> <span class='ocrx_word' id='word_1_196' title='bbox 469 2679 688 2748; x_wconf 87' lang='lat' dir='ltr'><strong>convenerant,</strong></span> <span class='ocrx_word' id='word_1_197' title='bbox 706 2669 787 2735; x_wconf 88' lang='lat' dir='ltr'><strong>inter</strong></span> <span class='ocrx_word' id='word_1_198' title='bbox 800 2691 835 2735; x_wconf 91' lang='lat' dir='ltr'><strong>se</strong></span> <span class='ocrx_word' id='word_1_199' title='bbox 847 2668 1001 2745; x_wconf 89' lang='lat' dir='ltr'><strong>collocuti,</strong></span> <span class='ocrx_word' id='word_1_200' title='bbox 1020 2689 1092 2733; x_wconf 92' lang='lat' dir='ltr'><strong>cum</strong></span> 
     </span>
     <span class='ocr_line' id='line_1_27' title="bbox 84 2761 1092 2850; baseline -0.004 -18"><span class='ocrx_word' id='word_1_201' title='bbox 84 2763 185 2847; x_wconf 67' lang='lat' dir='ltr'><strong>equites</strong></span> <span class='ocrx_word' id='word_1_202' title='bbox 204 2774 236 2831; x_wconf 92' lang='lat' dir='ltr'><strong>et</strong></span> <span class='ocrx_word' id='word_1_203' title='bbox 252 2785 349 2830; x_wconf 89' lang='lat' dir='ltr'><strong>naves</strong></span> <span class='ocrx_word' id='word_1_204' title='bbox 368 2773 399 2830; x_wconf 85' lang='lat' dir='ltr'><strong>et</strong></span> <span class='ocrx_word' id='word_1_205' title='bbox 415 2764 608 2830; x_wconf 86' lang='lat' dir='ltr'><strong>frumentum</strong></span> <span class='ocrx_word' id='word_1_206' title='bbox 626 2764 779 2830; x_wconf 89' lang='lat' dir='ltr'><strong>Romanis</strong></span> <span class='ocrx_word' id='word_1_207' title='bbox 802 2764 913 2830; x_wconf 89' lang='lat' dir='ltr'><strong>deesse</strong></span> <span class='ocrx_word' id='word_1_208' title='bbox 930 2761 1092 2850; x_wconf 88' lang='lat' dir='ltr'><strong>intellege-</strong></span> 
     </span>
     <span class='ocr_line' id='line_1_28' title="bbox 84 2859 1092 2946; baseline 0.003 -25"><span class='ocrx_word' id='word_1_209' title='bbox 84 2866 136 2923; x_wconf 83' lang='lat' dir='ltr'><strong>rent</strong></span> <span class='ocrx_word' id='word_1_210' title='bbox 150 2868 182 2926; x_wconf 92' lang='lat' dir='ltr'><strong>et</strong></span> <span class='ocrx_word' id='word_1_211' title='bbox 198 2859 388 2946; x_wconf 85' lang='lat' dir='ltr'><strong>paucitatem</strong></span> <span class='ocrx_word' id='word_1_212' title='bbox 400 2859 535 2925; x_wconf 93' lang='lat' dir='ltr'><strong>militum</strong></span> <span class='ocrx_word' id='word_1_213' title='bbox 549 2882 589 2925; x_wconf 85' lang='lat' dir='ltr'><strong>ex</strong></span> <span class='ocrx_word' id='word_1_214' title='bbox 601 2869 775 2926; x_wconf 89' lang='lat' dir='ltr'><strong>castrorum</strong></span> <span class='ocrx_word' id='word_1_215' title='bbox 789 2859 958 2946; x_wconf 85' lang='lat' dir='ltr'><strong>exiguitate</strong></span> <span class='ocrx_word' id='word_1_216' title='bbox 977 2880 1092 2946; x_wconf 88' lang='lat' dir='ltr'><strong>cogno-</strong></span> 
     </span>
     <span class='ocr_line' id='line_1_29' title="bbox 84 2953 1092 3041; baseline -0.002 -21"><span class='ocrx_word' id='word_1_217' title='bbox 84 2963 196 3034; x_wconf 73' lang='lat' dir='ltr'><strong>scerent,</strong></span> <span class='ocrx_word' id='word_1_218' title='bbox 215 2975 297 3040; x_wconf 87' lang='lat' dir='ltr'><strong>quae</strong></span> <span class='ocrx_word' id='word_1_219' title='bbox 313 2953 374 3020; x_wconf 92' lang='lat' dir='ltr'><strong>hoc</strong></span> <span class='ocrx_word' id='word_1_220' title='bbox 392 2962 480 3021; x_wconf 89' lang='lat' dir='ltr'><strong>erant</strong></span> <span class='ocrx_word' id='word_1_221' title='bbox 496 2954 591 3020; x_wconf 90' lang='lat' dir='ltr'><strong>etiam</strong></span> <span class='ocrx_word' id='word_1_222' title='bbox 604 2954 795 3041; x_wconf 84' lang='lat' dir='ltr'><strong>angustiora,</strong></span> <span class='ocrx_word' id='word_1_223' title='bbox 814 2953 898 3039; x_wconf 94' lang='lat' dir='ltr'><strong>quod</strong></span> <span class='ocrx_word' id='word_1_224' title='bbox 913 2954 980 3018; x_wconf 91' lang='lat' dir='ltr'><strong>sine</strong></span> <span class='ocrx_word' id='word_1_225' title='bbox 993 2953 1092 3039; x_wconf 93' lang='lat' dir='ltr'><strong>impe·</strong></span> 
     </span>
     <span class='ocr_line' id='line_1_30' title="bbox 83 3041 1092 3136; baseline -0.003 -23"><span class='ocrx_word' id='word_1_226' title='bbox 83 3041 212 3114; x_wconf 76' lang='lat' dir='ltr'><strong>limentis</strong></span> <span class='ocrx_word' id='word_1_227' title='bbox 231 3046 351 3115; x_wconf 82' lang='lat' dir='ltr'><strong>Caesar</strong></span> <span class='ocrx_word' id='word_1_228' title='bbox 366 3048 507 3136; x_wconf 86' lang='lat' dir='ltr'><strong>legiones</strong></span> <span class='ocrx_word' id='word_1_229' title='bbox 526 3057 805 3135; x_wconf 88' lang='lat' dir='ltr'><strong>transportaverat,</strong></span> <span class='ocrx_word' id='word_1_230' title='bbox 832 3048 984 3134; x_wconf 86' lang='lat' dir='ltr'><strong>optimum</strong></span> <span class='ocrx_word' id='word_1_231' title='bbox 1005 3045 1092 3111; x_wconf 85' lang='lat' dir='ltr'><strong>factu</strong></span> 
     </span>
     <span class='ocr_line' id='line_1_31' title="bbox 83 3143 1093 3226; baseline -0.004 -18"><span class='ocrx_word' id='word_1_232' title='bbox 83 3158 137 3208; x_wconf 74' lang='lat' dir='ltr'><strong>uss</strong></span> <span class='ocrx_word' id='word_1_233' title='bbox 153 3144 311 3210; x_wconf 87' lang='lat' dir='ltr'><strong>duxerunt</strong></span> <span class='ocrx_word' id='word_1_234' title='bbox 326 3143 496 3211; x_wconf 83' lang='lat' dir='ltr'><strong>rebellione</strong></span> <span class='ocrx_word' id='word_1_235' title='bbox 513 3144 597 3210; x_wconf 88' lang='lat' dir='ltr'><strong>faeta</strong></span> <span class='ocrx_word' id='word_1_236' title='bbox 614 3144 771 3210; x_wconf 87' lang='lat' dir='ltr'><strong>frumento</strong></span> <span class='ocrx_word' id='word_1_237' title='bbox 784 3152 1023 3226; x_wconf 90' lang='lat' dir='ltr'><strong>commeatuque</strong></span> <span class='ocrx_word' id='word_1_238' title='bbox 1036 3162 1093 3205; x_wconf 91' lang='lat' dir='ltr'><strong>no·</strong></span> 
     </span>
     <span class='ocr_line' id='line_1_32' title="bbox 83 3234 1093 3325; baseline -0.004 -22"><span class='ocrx_word' id='word_1_239' title='bbox 83 3243 147 3303; x_wconf 71' lang='lat' dir='ltr'><strong>utros</strong></span> <span class='ocrx_word' id='word_1_240' title='bbox 164 3238 330 3325; x_wconf 88' lang='lat' dir='ltr'><strong>prohibere</strong></span> <span class='ocrx_word' id='word_1_241' title='bbox 349 3248 380 3305; x_wconf 86' lang='lat' dir='ltr'><strong>et</strong></span> <span class='ocrx_word' id='word_1_242' title='bbox 395 3261 462 3305; x_wconf 88' lang='lat' dir='ltr'><strong>rem</strong></span> <span class='ocrx_word' id='word_1_243' title='bbox 480 3239 513 3304; x_wconf 94' lang='lat' dir='ltr'><strong>in</strong></span> <span class='ocrx_word' id='word_1_244' title='bbox 529 3239 666 3305; x_wconf 89' lang='lat' dir='ltr'><strong>hiemem</strong></span> <span class='ocrx_word' id='word_1_245' title='bbox 679 3238 860 3324; x_wconf 90' lang='lat' dir='ltr'><strong>producere,</strong></span> <span class='ocrx_word' id='word_1_246' title='bbox 879 3237 965 3321; x_wconf 92' lang='lat' dir='ltr'><strong>quod</strong></span> <span class='ocrx_word' id='word_1_247' title='bbox 975 3234 1026 3299; x_wconf 93' lang='lat' dir='ltr'><strong>his</strong></span> <span class='ocrx_word' id='word_1_248' title='bbox 1040 3256 1093 3300; x_wconf 90' lang='lat' dir='ltr'><strong>su-</strong></span> 
     </span>
     <span class='ocr_line' id='line_1_33' title="bbox 83 3327 1093 3418; baseline -0.008 -17"><span class='ocrx_word' id='word_1_249' title='bbox 83 3332 180 3412; x_wconf 64' lang='lat' dir='ltr'><strong>peratis</strong></span> <span class='ocrx_word' id='word_1_250' title='bbox 193 3342 249 3400; x_wconf 90' lang='lat' dir='ltr'><strong>aut</strong></span> <span class='ocrx_word' id='word_1_251' title='bbox 261 3333 363 3399; x_wconf 87' lang='lat' dir='ltr'><strong>reditu</strong></span> <span class='ocrx_word' id='word_1_252' title='bbox 375 3333 551 3400; x_wconf 88' lang='lat' dir='ltr'><strong>interclusis</strong></span> <span class='ocrx_word' id='word_1_253' title='bbox 560 3335 718 3399; x_wconf 89' lang='lat' dir='ltr'><strong>neminem</strong></span> <span class='ocrx_word' id='word_1_254' title='bbox 730 3341 841 3418; x_wconf 89' lang='lat' dir='ltr'><strong>postea</strong></span> <span class='ocrx_word' id='word_1_255' title='bbox 853 3329 927 3397; x_wconf 89' lang='lat' dir='ltr'><strong>belli</strong></span> <span class='ocrx_word' id='word_1_256' title='bbox 939 3327 1093 3394; x_wconf 83' lang='lat' dir='ltr'><strong>inserendi</strong></span> 
     </span>
     <span class='ocr_line' id='line_1_34' title="bbox 83 3424 1093 3510; baseline -0.001 -19"><span class='ocrx_word' id='word_1_257' title='bbox 83 3442 162 3493; x_wconf 74' lang='lat' dir='ltr'><strong>causa</strong></span> <span class='ocrx_word' id='word_1_258' title='bbox 177 3426 212 3492; x_wconf 89' lang='lat' dir='ltr'><strong>in</strong></span> <span class='ocrx_word' id='word_1_259' title='bbox 228 3426 424 3494; x_wconf 85' lang='lat' dir='ltr'><strong>Britanniam</strong></span> <span class='ocrx_word' id='word_1_260' title='bbox 442 3428 644 3494; x_wconf 90' lang='lat' dir='ltr'><strong>transiturum</strong></span> <span class='ocrx_word' id='word_1_261' title='bbox 662 3424 868 3493; x_wconf 81' lang='lat' dir='ltr'><strong>confidebant</strong></span> <span class='ocrx_word' id='word_1_262' title='bbox 903 3424 1008 3510; x_wconf 88' lang='lat' dir='ltr'><strong>itaque</strong></span> <span class='ocrx_word' id='word_1_263' title='bbox 1024 3447 1093 3490; x_wconf 89' lang='lat' dir='ltr'><strong>rur-</strong></span> 
     </span>
     <span class='ocr_line' id='line_1_35' title="bbox 83 3519 1091 3610; baseline -0.001 -24"><span class='ocrx_word' id='word_1_264' title='bbox 83 3537 122 3586; x_wconf 81' lang='lat' dir='ltr'><strong>us</strong></span> <span class='ocrx_word' id='word_1_265' title='bbox 134 3521 346 3589; x_wconf 86' lang='lat' dir='ltr'><strong>coniuratione</strong></span> <span class='ocrx_word' id='word_1_266' title='bbox 359 3523 444 3589; x_wconf 80' lang='lat' dir='ltr'><strong>iacta</strong></span> <span class='ocrx_word' id='word_1_267' title='bbox 455 3523 607 3610; x_wconf 91' lang='lat' dir='ltr'><strong>paulatim</strong></span> <span class='ocrx_word' id='word_1_268' title='bbox 621 3544 661 3587; x_wconf 87' lang='lat' dir='ltr'><strong>ex</strong></span> <span class='ocrx_word' id='word_1_269' title='bbox 674 3520 783 3586; x_wconf 87' lang='lat' dir='ltr'><strong>castris</strong></span> <span class='ocrx_word' id='word_1_270' title='bbox 793 3519 953 3586; x_wconf 74' lang='lat' dir='ltr'><strong>decedere</strong></span> <span class='ocrx_word' id='word_1_271' title='bbox 966 3542 1004 3586; x_wconf 88' lang='lat' dir='ltr'><strong>ac</strong></span> <span class='ocrx_word' id='word_1_272' title='bbox 1017 3540 1091 3586; x_wconf 90' lang='lat' dir='ltr'><strong>suos</strong></span> 
     </span>
     <span class='ocr_line' id='line_1_36' title="bbox 83 3613 1140 3707; baseline 0.004 -27"><span class='ocrx_word' id='word_1_273' title='bbox 83 3613 147 3683; x_wconf 86' lang='lat' dir='ltr'><strong>lam</strong></span> <span class='ocrx_word' id='word_1_274' title='bbox 164 3639 206 3684; x_wconf 88' lang='lat' dir='ltr'><strong>ex</strong></span> <span class='ocrx_word' id='word_1_275' title='bbox 222 3618 306 3707; x_wconf 87' lang='lat' dir='ltr'><strong>agris</strong></span> <span class='ocrx_word' id='word_1_276' title='bbox 325 3617 480 3685; x_wconf 85' lang='lat' dir='ltr'><strong>deducere</strong></span> <span class='ocrx_word' id='word_1_277' title='bbox 503 3625 682 3704; x_wconf 88' lang='lat' dir='ltr'><strong>coeperunt</strong></span> <span class='ocrx_word' id='word_1_278' title='bbox 726 3624 758 3680; x_wconf 88' lang='lat' dir='ltr'><strong>at</strong></span> <span class='ocrx_word' id='word_1_279' title='bbox 777 3613 909 3695; x_wconf 83' lang='lat' dir='ltr'><strong>Caesar,</strong></span> <span class='ocrx_word' id='word_1_280' title='bbox 933 3615 992 3682; x_wconf 91' lang='lat' dir='ltr'><strong>etsi</strong></span> <span class='ocrx_word' id='word_1_281' title='bbox 1014 3636 1093 3680; x_wconf 91' lang='lat' dir='ltr'><strong>non·</strong></span> <span class='ocrx_word' id='word_1_282' title='bbox 1109 3633 1140 3684; x_wconf 81' lang='lat' dir='ltr'><strong>sl</strong></span> 
     </span>
     <span class='ocr_line' id='line_1_37' title="bbox 83 3708 1093 3802; baseline 0.002 -26"><span class='ocrx_word' id='word_1_283' title='bbox 83 3708 142 3779; x_wconf 85' lang='lat' dir='ltr'><strong>lum</strong></span> <span class='ocrx_word' id='word_1_284' title='bbox 159 3734 269 3781; x_wconf 87' lang='lat' dir='ltr'><strong>eorum</strong></span> <span class='ocrx_word' id='word_1_285' title='bbox 286 3713 418 3781; x_wconf 89' lang='lat' dir='ltr'><strong>consilia</strong></span> <span class='ocrx_word' id='word_1_286' title='bbox 435 3721 639 3802; x_wconf 86' lang='lat' dir='ltr'><strong>cognoverat,</strong></span> <span class='ocrx_word' id='word_1_287' title='bbox 667 3721 773 3775; x_wconf 91' lang='lat' dir='ltr'><strong>tamen</strong></span> <span class='ocrx_word' id='word_1_288' title='bbox 795 3721 826 3776; x_wconf 90' lang='lat' dir='ltr'><strong>et</strong></span> <span class='ocrx_word' id='word_1_289' title='bbox 844 3734 884 3778; x_wconf 83' lang='lat' dir='ltr'><strong>ex</strong></span> <span class='ocrx_word' id='word_1_290' title='bbox 906 3722 1020 3778; x_wconf 87' lang='lat' dir='ltr'><strong>eventu</strong></span> <span class='ocrx_word' id='word_1_291' title='bbox 1036 3735 1093 3778; x_wconf 90' lang='lat' dir='ltr'><strong>na·</strong></span> 
     </span>
     <span class='ocr_line' id='line_1_38' title="bbox 83 3804 1090 3894; baseline 0 -22"><span class='ocrx_word' id='word_1_292' title='bbox 83 3804 152 3874; x_wconf 74' lang='lat' dir='ltr'><strong>vium</strong></span> <span class='ocrx_word' id='word_1_293' title='bbox 170 3830 300 3875; x_wconf 80' lang='lat' dir='ltr'><strong>suanum</strong></span> <span class='ocrx_word' id='word_1_294' title='bbox 317 3818 349 3875; x_wconf 94' lang='lat' dir='ltr'><strong>et</strong></span> <span class='ocrx_word' id='word_1_295' title='bbox 366 3831 407 3876; x_wconf 85' lang='lat' dir='ltr'><strong>ex</strong></span> <span class='ocrx_word' id='word_1_296' title='bbox 425 3831 477 3888; x_wconf 88' lang='lat' dir='ltr'><strong>eo,</strong></span> <span class='ocrx_word' id='word_1_297' title='bbox 499 3808 586 3894; x_wconf 93' lang='lat' dir='ltr'><strong>quod</strong></span> <span class='ocrx_word' id='word_1_298' title='bbox 608 3805 735 3873; x_wconf 91' lang='lat' dir='ltr'><strong>obsides</strong></span> <span class='ocrx_word' id='word_1_299' title='bbox 758 3806 832 3873; x_wconf 90' lang='lat' dir='ltr'><strong>dare</strong></span> <span class='ocrx_word' id='word_1_300' title='bbox 853 3806 1090 3886; x_wconf 88' lang='lat' dir='ltr'><strong>intermiserant,</strong></span> 
     </span>
     <span class='ocr_line' id='line_1_39' title="bbox 83 3897 1091 3991; baseline -0.002 -23"><span class='ocrx_word' id='word_1_301' title='bbox 83 3897 133 3968; x_wconf 88' lang='lat' dir='ltr'><strong>&#39;ore</strong></span> <span class='ocrx_word' id='word_1_302' title='bbox 149 3903 195 3982; x_wconf 84' lang='lat' dir='ltr'><strong>id,</strong></span> <span class='ocrx_word' id='word_1_303' title='bbox 212 3903 299 3988; x_wconf 92' lang='lat' dir='ltr'><strong>quod</strong></span> <span class='ocrx_word' id='word_1_304' title='bbox 311 3903 433 3983; x_wconf 84' lang='lat' dir='ltr'><strong>accidit,</strong></span> <span class='ocrx_word' id='word_1_305' title='bbox 452 3901 679 3991; x_wconf 86' lang='lat' dir='ltr'><strong>suspicabatur.</strong></span> <span class='ocrx_word' id='word_1_306' title='bbox 705 3900 811 3988; x_wconf 86' lang='lat' dir='ltr'><strong>itaque</strong></span> <span class='ocrx_word' id='word_1_307' title='bbox 824 3901 865 3967; x_wconf 90' lang='lat' dir='ltr'><strong>ad</strong></span> <span class='ocrx_word' id='word_1_308' title='bbox 878 3923 986 3968; x_wconf 88' lang='lat' dir='ltr'><strong>omnes</strong></span> <span class='ocrx_word' id='word_1_309' title='bbox 999 3923 1091 3967; x_wconf 90' lang='lat' dir='ltr'><strong>casus</strong></span> 
     </span>
     <span class='ocr_line' id='line_1_40' title="bbox 84 3995 1096 4085; baseline -0.004 -21"><span class='ocrx_word' id='word_1_310' title='bbox 84 3995 210 4064; x_wconf 82' lang='lat' dir='ltr'><strong>ubsidis</strong></span> <span class='ocrx_word' id='word_1_311' title='bbox 226 3998 437 4085; x_wconf 85' lang='lat' dir='ltr'><strong>comparabat.</strong></span> <span class='ocrx_word' id='word_1_312' title='bbox 471 4021 546 4065; x_wconf 89' lang='lat' dir='ltr'><strong>nam</strong></span> <span class='ocrx_word' id='word_1_313' title='bbox 564 4006 596 4064; x_wconf 91' lang='lat' dir='ltr'><strong>et</strong></span> <span class='ocrx_word' id='word_1_314' title='bbox 611 3996 804 4064; x_wconf 79' lang='lat' dir='ltr'><strong>frumentum</strong></span> <span class='ocrx_word' id='word_1_315' title='bbox 821 4018 862 4062; x_wconf 85' lang='lat' dir='ltr'><strong>ex</strong></span> <span class='ocrx_word' id='word_1_316' title='bbox 878 3997 963 4084; x_wconf 80' lang='lat' dir='ltr'><strong>agris</strong></span> <span class='ocrx_word' id='word_1_317' title='bbox 979 3995 1096 4062; x_wconf 83' lang='lat' dir='ltr'><strong>cotidie</strong></span> 
     </span>
    </p>
   </div>
   <div class='ocr_carea' id='block_1_3' title="bbox 84 4091 1121 4248">
    <p class='ocr_par' dir='ltr' id='par_1_4' title="bbox 84 4091 1121 4248">
     <span class='ocr_line' id='line_1_41' title="bbox 84 4091 1121 4248; baseline -0.003 -88"><span class='ocrx_word' id='word_1_318' title='bbox 84 4104 228 4160; x_wconf 69' lang='lat' dir='ltr'><strong>neuma</strong></span> <span class='ocrx_word' id='word_1_319' title='bbox 252 4093 433 4162; x_wconf 72' lang='lat' dir='ltr'><strong>wnsambat</strong></span> <span class='ocrx_word' id='word_1_320' title='bbox 459 4105 491 4161; x_wconf 91' lang='lat' dir='ltr'><strong>et</strong></span> <span class='ocrx_word' id='word_1_321' title='bbox 517 4115 602 4184; x_wconf 90' lang='lat' dir='ltr'><strong>quae</strong></span> <span class='ocrx_word' id='word_1_322' title='bbox 632 4092 829 4188; x_wconf 73' lang='lat' dir='ltr'><strong>gravissime</strong></span> <span class='ocrx_word' id='word_1_323' title='bbox 852 4091 1000 4248; x_wconf 45' lang='lat' dir='ltr'><strong>aliptae</strong></span> <span class='ocrx_word' id='word_1_324' title='bbox 1024 4093 1121 4153; x_wconf 64' lang='lat' dir='ltr'><strong>exunt</strong></span> 
     </span>
    </p>
   </div>
   <div class='ocr_carea' id='block_1_4' title="bbox 0 0 1274 4336">
    <p class='ocr_par' dir='ltr' id='par_1_5' title="bbox 0 0 1274 4336">
     <span class='ocr_line' id='line_1_42' title="bbox 0 0 1274 4336; baseline 0 0"><span class='ocrx_word' id='word_1_325' title='bbox 0 0 1274 4336; x_wconf 95' lang='lat' dir='ltr'><strong> </strong></span> 
     </span>
    </p>
   </div>
  </div>
 </body>
</html>
