2414 4336
240 231 243 236 ’
362 258 479 316 couu.
496 257 545 316 vr.
563 255 682 313 ao-ar.
968 247 1030 315 105

58 378 151 449 loco
169 383 284 449 visum
304 390 355 448 est
375 381 443 470 agri
465 380 637 447 attribuunt
658 389 750 465 atque
772 403 854 448 anno
875 383 1029 469 portatio

58 477 121 544 ite
142 485 281 565 cogunt
325 476 392 543 eius
412 477 459 541 rei
480 475 594 541 multas
617 474 751 541 afferunt
772 496 899 542 causas:
920 497 961 541 ne
978 500 1029 543 as·

58 584 81 641 t
103 572 348 639 consuetudine
374 571 457 658 capti
484 570 621 636 studium
643 569 717 636 belli
739 571 869 658 gerendi
895 570 1029 659 agricul-

69 674 299 746 eommutent3
324 687 365 731 ne
381 665 461 732 latos
483 664 561 731 fines
579 687 689 752 parare
711 666 856 732 studeant
877 666 1030 753 potentio·

58 772 104 829 lte
122 761 316 827 humiliores
333 758 585 847 possessionibus
604 759 774 846 expellant3
796 783 836 827 ne
854 761 1028 827 accuratius

58 848 179 944 ligore
197 865 292 940 atque
309 864 414 922 aestus
432 855 575 922 vitandos
589 852 824 935 acutianum
838 878 900 942 qua
913 856 1029 923 oriatur

58 944 154 1023 hiae
177 950 347 1037 cupiditas,
374 972 437 1036 qua
463 971 503 1016 ex
524 972 558 1015 re
579 949 731 1015 factiones
754 949 1028 1037 dissensionesque

58 1024 191 1126 lunam
208 1045 347 1111 utanimi
356 1045 512 1130 aequitate
524 1044 649 1131 plebem
661 1044 848 1123 contineant,
867 1067 940 1111 oum
954 1068 1027 1113 suas

58 1120 137 1227 hue
155 1162 234 1227 opes
252 1161 324 1206 cum
344 1139 568 1227 potentissimis
590 1140 717 1224 aequari
739 1139 852 1205 videat
897 1140 1029 1207 civitati·
1045 1158 1078 1208 aa

58 1240 69 1293 ⁵.
156 1235 165 1252 ‘
238 1233 306 1300 laus
329 1243 377 1300 est
393 1255 489 1318 quam
509 1232 677 1300 latissimas
702 1232 819 1298 circum
842 1255 876 1298 se
898 1235 1028 1302 vastatis

142 1328 326 1396 solitudines
347 1328 472 1395 habere.
517 1327 576 1393 hoc
597 1328 757 1414 proprium
777 1328 900 1394 virtutis
923 1330 1029 1394 existi-

95 1468 108 1502 ,
134 1422 284 1510 expulsos
301 1423 386 1510 agris
403 1421 551 1487 finitimos
570 1421 694 1499 cedere,
720 1442 822 1505 neque
839 1442 1028 1507 quemquam

119 1519 236 1584 audere
253 1518 436 1596 consistere;
464 1515 557 1582 sinrul
577 1515 637 1582 hoe
656 1537 689 1580 se
706 1514 774 1581 fore
796 1516 925 1582 tutiores
947 1515 1029 1582 arbi-

139 1611 321 1699 repentinae
337 1610 524 1677 incursionis
537 1611 647 1675 timore
662 1607 794 1675 sublato.
822 1631 894 1675 cunr
910 1609 1028 1676 bellum

132 1718 187 1775 aut
203 1707 324 1773 illatum
341 1705 481 1772 defendit
497 1713 552 1770 aut
567 1703 675 1783 infert,
693 1704 910 1791 magistratus,
928 1705 982 1790 qui
999 1705 1028 1771 ei

104 1802 257 1890 praesint,
280 1811 315 1867 ut
331 1802 414 1868 vitae
430 1801 578 1886 necisque
594 1799 730 1866 habeant
750 1809 950 1887 potestatem,
974 1801 1028 1867 de-

142 1945 151 1962 .
197 1896 232 1962 in
247 1918 326 1983 pace
342 1896 447 1961 nullus
465 1904 514 1961 est
531 1895 705 1961 communis
727 1896 943 1982 magistratus,
972 1895 1028 1961 sed

96 1987 103 2005 ⁸
182 1990 349 2077 regionum
370 1999 463 2075 atque
483 2011 638 2077 pagorum
659 1989 740 2053 inter
757 2012 831 2054 suos
853 1989 903 2054 ius
920 1989 1028 2054 dicunt

109 2085 295 2170 versiasque
313 2085 465 2151 minuunt.
509 2083 692 2151 Latrocinia
712 2083 830 2148 nullam
847 2081 964 2148 habent
979 2083 1028 2147 in·

161 2201 243 2265 quae
261 2189 348 2246 extra
365 2178 443 2246 fines
462 2179 612 2264 cuiusque
630 2177 763 2243 civitatis
777 2175 864 2254 fiunt,
883 2187 976 2261 atque
990 2199 1028 2241 ea

93 2273 174 2340 tutis
198 2273 388 2340 exercendae
410 2295 447 2339 ac
469 2273 607 2338 desidiae
628 2271 814 2336 minuendae
840 2291 936 2335 causa
961 2270 1028 2335 fieri

57 2367 195 2437 edicant
209 2376 315 2454 atque
331 2367 387 2434 ubi
404 2367 474 2453 quis
493 2389 533 2433 ex
544 2364 737 2454 principibus
750 2363 783 2428 in
796 2362 926 2430 concilio
940 2363 1027 2442 dixit,

57 2448 171 2529 lucem
189 2461 271 2541 fore,
295 2462 349 2548 qui
367 2462 456 2548 sequi
472 2461 582 2539 velint,
600 2458 816 2547 profiteantur,
835 2467 1028 2545 consurgrmt

56 2557 114 2642 {ui
133 2565 168 2621 et
185 2576 313 2622 causam
331 2565 362 2621 et
378 2555 537 2623 hominem
553 2553 688 2642 probant
705 2574 860 2638 suumque
877 2553 1028 2618 auxilium

56 2638 192 2717 beentur
213 2658 306 2733 atque
327 2649 367 2716 ab
384 2649 581 2715 multitudine
605 2648 833 2715 collaudantur:
860 2648 915 2732 qui
932 2669 972 2712 ex
988 2648 1027 2713 iis

56 2745 100 2811 ui
118 2765 187 2809 non
205 2752 286 2822 sunt,
304 2742 338 2808 in
355 2744 546 2810 desertorum
564 2764 601 2808 ac
618 2743 811 2829 proditorum
827 2763 957 2807 numero
971 2741 1029 2807 du-

56 2836 326 2923 turomniumque
334 2837 384 2904 his
393 2861 497 2904 rerum
508 2847 618 2924 postea
630 2837 709 2902 fides
723 2837 899 2924 derogatur.
922 2836 1029 2923 hospi-

65 2930 205 3010 violare,
230 2931 279 2998 fas
297 2955 361 2998 non
376 2940 501 3019 putant3
524 2932 578 3017 qui
599 2952 796 3015 quacumque
814 2932 853 2996 de
875 2952 971 2996 causa
987 2930 1028 2996 ad

60 3035 241 3103 -venerunt,
259 3025 299 3092 ab
316 3026 429 3091 iniuria
441 3023 615 3113 prohibent,
636 3035 759 3090 sanctos
773 3023 898 3102 habent,
916 3022 1028 3107 hisque

56 3121 148 3189 mum
169 3120 282 3186 domus
303 3129 411 3206 patent
432 3121 595 3205 victusque
613 3119 868 3185 communicatur.
913 3138 950 3182 ae
967 3116 1027 3181 fuit
1044 3133 1078 3182 24

56 3222 96 3283 ba
123 3224 262 3300 tempus,
289 3235 362 3279 cum
384 3210 558 3280 Germanos
587 3211 672 3280 Galli
696 3213 810 3278 virtius
836 3219 1026 3295 superarent,

56 3328 87 3377 to
97 3307 184 3376 bella
196 3308 354 3387 inferrent,
372 3318 499 3396 propter
517 3309 680 3375 hominum
698 3305 927 3372 multitudinem
945 3304 1028 3392 agri·

56 3406 68 3471 l
82 3404 222 3490 inopiam
239 3414 325 3469 trans
338 3404 485 3470 Rhenum
502 3405 640 3471 colonias
658 3402 824 3467 mitterent
855 3399 960 3484 itaque
979 3422 1026 3478 ea,

55 3518 88 3565 te
103 3497 296 3564 fertilissima
308 3497 496 3566 Germaniae
515 3508 597 3576 sunt,
614 3496 684 3564 loca
701 3497 818 3562 circum
834 3493 1027 3582 Hercyniam

55 3598 133 3672 um,
165 3615 260 3678 quam
285 3592 488 3659 Eratostheni
514 3602 545 3658 et
570 3589 758 3677 quibusdam
785 3587 915 3657 Graecis
942 3589 1028 3655 fama

55 3688 111 3752 hm
128 3709 200 3753 esse
217 3687 324 3766 video,
346 3709 441 3772 quam
458 3687 503 3752 illi
522 3685 694 3771 Orcyniam
716 3685 887 3772 appellant,
909 3683 1027 3750 Volcae

55 3784 200 3869 lctosages
213 3790 443 3868 occupaverunt
456 3791 549 3867 atque
561 3779 606 3846 ibi
618 3779 824 3845 conederrmt
828 3803 838 3858 3
856 3799 936 3863 quae
948 3799 1026 3864 gens
1106 3833 1109 3837 .

55 3870 120 3942 lboo
131 3886 257 3963 tempus
270 3875 320 3942 his
334 3874 461 3942 sedibus
476 3897 546 3941 sese
554 3873 691 3939 continet
704 3893 921 3957 summamque
933 3869 1029 3936 habet

55 3967 142 4036 ttltiae
160 3978 195 4036 et
209 3968 339 4036 bellicae
360 3969 462 4036 laudis
485 3969 671 4057 opinionem.
715 3990 807 4043 nunc,
820 3965 905 4052 quod
924 3965 959 4031 in
975 3987 1027 4032 ea-

55 4064 80 4128 tn
102 4063 226 4151 inopia,
256 4072 395 4153 egestate
420 4063 630 4152 patientiaque
657 4059 807 4132 Germani
835 4073 1026 4150 permanent,
