<?xml version="1.0" encoding="UTF-8"?>
<!DOCTYPE html PUBLIC "-//W3C//DTD XHTML 1.0 Transitional//EN"
    "http://www.w3.org/TR/xhtml1/DTD/xhtml1-transitional.dtd">
<html xmlns="http://www.w3.org/1999/xhtml" xml:lang="en" lang="en">
 <head>
  <title>
</title>
<meta http-equiv="Content-Type" content="text/html;charset=utf-8" />
  <meta name='ocr-system' content='tesseract 3.04.00' />
  <meta name='ocr-capabilities' content='ocr_page ocr_carea ocr_par ocr_line ocrx_word'/>
</head>
<body>
  <div class='ocr_page' id='page_1' title='image "./ciuliicaesarisc01krangoog_0176.png"; bbox 0 0 2528 4336; ppageno 0'>
   <div class='ocr_carea' id='block_1_1' title="bbox 197 241 896 310">
    <p class='ocr_par' dir='ltr' id='par_1_1' title="bbox 197 241 896 310">
     <span class='ocr_line' id='line_1_1' title="bbox 197 241 896 310; baseline 0.004 -3"><span class='ocrx_word' id='word_1_1' title='bbox 197 241 260 308; x_wconf 80' lang='grc'>170</span> <span class='ocrx_word' id='word_1_2' title='bbox 511 253 564 308; x_wconf 77' lang='grc' dir='ltr'>ΒΕ</span> <span class='ocrx_word' id='word_1_3' title='bbox 582 251 708 309; x_wconf 87' lang='lat' dir='ltr'><strong>BELLO</strong></span> <span class='ocrx_word' id='word_1_4' title='bbox 728 251 896 310; x_wconf 79' lang='lat' dir='ltr'>GALLICO</span> 
     </span>
    </p>
   </div>
   <div class='ocr_carea' id='block_1_2' title="bbox 88 377 1263 4154">
    <p class='ocr_par' dir='ltr' id='par_1_2' title="bbox 88 377 1263 4154">
     <span class='ocr_line' id='line_1_2' title="bbox 195 377 1263 465; baseline 0.001 -22"><span class='ocrx_word' id='word_1_5' title='bbox 195 388 225 444; x_wconf 93' lang='lat' dir='ltr'>et</span> <span class='ocrx_word' id='word_1_6' title='bbox 242 378 412 443; x_wconf 90' lang='lat' dir='ltr'>munitione</span> <span class='ocrx_word' id='word_1_7' title='bbox 430 378 602 464; x_wconf 80' lang='lat' dir='ltr'>oppidanos</span> <span class='ocrx_word' id='word_1_8' title='bbox 622 377 813 444; x_wconf 88' lang='lat' dir='ltr'>circumdare</span> <span class='ocrx_word' id='word_1_9' title='bbox 830 378 1004 464; x_wconf 91' lang='lat' dir='ltr'>prohibitus</span> <span class='ocrx_word' id='word_1_10' title='bbox 1023 393 1106 458; x_wconf 89' lang='lat' dir='ltr'>erat,</span> <span class='ocrx_word' id='word_1_11' title='bbox 1126 401 1214 465; x_wconf 90' lang='lat' dir='ltr'>opera</span> <span class='ocrx_word' id='word_1_12' title='bbox 1261 413 1263 433; x_wconf 64' lang='lat'>,</span> 
     </span>
     <span class='ocr_line' id='line_1_3' title="bbox 194 471 1215 558; baseline -0.002 -20"><span class='ocrx_word' id='word_1_13' title='bbox 194 473 331 556; x_wconf 91' lang='lat' dir='ltr'>undique</span> <span class='ocrx_word' id='word_1_14' title='bbox 344 471 477 558; x_wconf 88' lang='lat' dir='ltr'>imperat</span> <span class='ocrx_word' id='word_1_15' title='bbox 490 471 708 538; x_wconf 89' lang='lat' dir='ltr'>administrari.</span> <span class='ocrx_word' id='word_1_16' title='bbox 731 471 816 538; x_wconf 88' lang='lat' dir='ltr'>venit</span> <span class='ocrx_word' id='word_1_17' title='bbox 829 472 941 538; x_wconf 89' lang='lat' dir='ltr'>eodem</span> <span class='ocrx_word' id='word_1_18' title='bbox 954 494 1026 538; x_wconf 93' lang='lat' dir='ltr'>cum</span> <span class='ocrx_word' id='word_1_19' title='bbox 1040 471 1107 537; x_wconf 90' lang='lat' dir='ltr'>suis</span> <span class='ocrx_word' id='word_1_20' title='bbox 1122 472 1215 558; x_wconf 89' lang='lat' dir='ltr'>copiis</span> 
     </span>
     <span class='ocr_line' id='line_1_4' title="bbox 193 563 1215 654; baseline -0.001 -21"><span class='ocrx_word' id='word_1_21' title='bbox 193 575 318 652; x_wconf 91' lang='lat' dir='ltr'>postero</span> <span class='ocrx_word' id='word_1_22' title='bbox 337 567 386 632; x_wconf 89' lang='lat' dir='ltr'>die</span> <span class='ocrx_word' id='word_1_23' title='bbox 406 563 506 633; x_wconf 90' lang='lat' dir='ltr'>Gaius</span> <span class='ocrx_word' id='word_1_24' title='bbox 524 565 643 633; x_wconf 78' lang='lat' dir='ltr'>Fabius</span> <span class='ocrx_word' id='word_1_25' title='bbox 661 575 844 653; x_wconf 89' lang='lat' dir='ltr'>partemque</span> <span class='ocrx_word' id='word_1_26' title='bbox 866 566 973 654; x_wconf 88' lang='lat' dir='ltr'><strong>oppidi</strong></span> <span class='ocrx_word' id='word_1_27' title='bbox 992 565 1087 633; x_wconf 89' lang='lat' dir='ltr'>sumit</span> <span class='ocrx_word' id='word_1_28' title='bbox 1106 566 1215 633; x_wconf 81' lang='lat' dir='ltr'>adab</span> 
     </span>
     <span class='ocr_line' id='line_1_5' title="bbox 194 660 369 727; baseline -0.006 -1"><span class='ocrx_word' id='word_1_29' title='bbox 194 660 369 727; x_wconf 74' lang='lat' dir='ltr'>sitiendum.</span> 
     </span>
     <span class='ocr_line' id='line_1_6' title="bbox 142 752 1216 841; baseline -0.002 -18"><span class='ocrx_word' id='word_1_30' title='bbox 142 773 173 824; x_wconf 78' lang='lat' dir='ltr'>as</span> <span class='ocrx_word' id='word_1_31' title='bbox 260 753 379 820; x_wconf 87' lang='lat' dir='ltr'>Caesar</span> <span class='ocrx_word' id='word_1_32' title='bbox 395 755 517 820; x_wconf 91' lang='lat' dir='ltr'>interim</span> <span class='ocrx_word' id='word_1_33' title='bbox 535 752 582 819; x_wconf 91' lang='grc' dir='ltr'>Μ.</span> <span class='ocrx_word' id='word_1_34' title='bbox 601 755 776 821; x_wconf 86' lang='lat' dir='ltr'>Antonium</span> <span class='ocrx_word' id='word_1_35' title='bbox 798 764 995 841; x_wconf 74' lang='lat' dir='ltr'>quaestorem</span> <span class='ocrx_word' id='word_1_36' title='bbox 1018 777 1092 823; x_wconf 90' lang='lat' dir='ltr'>eum</span> <span class='ocrx_word' id='word_1_37' title='bbox 1111 755 1216 827; x_wconf 89' lang='lat' dir='ltr'>cohor-</span> 
     </span>
     <span class='ocr_line' id='line_1_7' title="bbox 192 848 1217 936; baseline 0.005 -23"><span class='ocrx_word' id='word_1_38' title='bbox 192 848 275 914; x_wconf 81' lang='lat' dir='ltr'><strong>tibus</strong></span> <span class='ocrx_word' id='word_1_39' title='bbox 294 848 362 915; x_wconf 90' lang='lat' dir='ltr'>XV</span> <span class='ocrx_word' id='word_1_40' title='bbox 380 850 412 913; x_wconf 93' lang='lat' dir='ltr'>in</span> <span class='ocrx_word' id='word_1_41' title='bbox 429 848 606 915; x_wconf 88' lang='lat' dir='ltr'>Bellovacis</span> <span class='ocrx_word' id='word_1_42' title='bbox 624 849 784 934; x_wconf 84' lang='lat' dir='ltr'>relinquit,</span> <span class='ocrx_word' id='word_1_43' title='bbox 802 871 843 915; x_wconf 89' lang='lat' dir='ltr'>ne</span> <span class='ocrx_word' id='word_1_44' title='bbox 859 872 923 936; x_wconf 92' lang='lat' dir='ltr'>qua</span> <span class='ocrx_word' id='word_1_45' title='bbox 938 872 1047 917; x_wconf 90' lang='lat' dir='ltr'>rursus</span> <span class='ocrx_word' id='word_1_46' title='bbox 1065 873 1217 918; x_wconf 78' lang='lat' dir='ltr'>novorum</span> 
     </span>
     <span class='ocr_line' id='line_1_8' title="bbox 193 942 1217 1033; baseline 0.005 -25"><span class='ocrx_word' id='word_1_47' title='bbox 193 942 393 1029; x_wconf 87' lang='lat' dir='ltr'>consiliorum</span> <span class='ocrx_word' id='word_1_48' title='bbox 410 942 631 1029; x_wconf 89' lang='lat' dir='ltr'>capiendorum</span> <span class='ocrx_word' id='word_1_49' title='bbox 645 942 754 1030; x_wconf 80' lang='lat' dir='ltr'>Belgis</span> <span class='ocrx_word' id='word_1_50' title='bbox 772 943 907 1011; x_wconf 77' lang='lat' dir='ltr'><strong>facultas</strong></span> <span class='ocrx_word' id='word_1_51' title='bbox 925 945 1060 1011; x_wconf 89' lang='lat' dir='ltr'>daretur.</span> <span class='ocrx_word' id='word_1_52' title='bbox 1088 947 1159 1033; x_wconf 93' lang='lat' dir='ltr'>ipse</span> <span class='ocrx_word' id='word_1_53' title='bbox 1170 967 1217 1013; x_wconf 92' lang='lat' dir='ltr'>re·</span> 
     </span>
     <span class='ocr_line' id='line_1_9' title="bbox 191 1037 1217 1126; baseline 0.004 -24"><span class='ocrx_word' id='word_1_54' title='bbox 191 1037 292 1123; x_wconf 90' lang='lat' dir='ltr'>liquas</span> <span class='ocrx_word' id='word_1_55' title='bbox 312 1037 452 1104; x_wconf 86' lang='lat' dir='ltr'>civitates</span> <span class='ocrx_word' id='word_1_56' title='bbox 471 1038 544 1116; x_wconf 89' lang='lat' dir='ltr'>adit,</span> <span class='ocrx_word' id='word_1_57' title='bbox 564 1037 690 1104; x_wconf 86' lang='lat' dir='ltr'>obsides</span> <span class='ocrx_word' id='word_1_58' title='bbox 708 1037 813 1124; x_wconf 91' lang='lat' dir='ltr'>plures</span> <span class='ocrx_word' id='word_1_59' title='bbox 831 1040 973 1126; x_wconf 90' lang='lat' dir='ltr'>imperat,</span> <span class='ocrx_word' id='word_1_60' title='bbox 992 1040 1139 1106; x_wconf 90' lang='lat' dir='ltr'>timentes</span> <span class='ocrx_word' id='word_1_61' title='bbox 1153 1062 1217 1106; x_wconf 92' lang='lat' dir='ltr'>om·</span> 
     </span>
     <span class='ocr_line' id='line_1_10' title="bbox 191 1131 1215 1212; baseline 0.002 -14"><span class='ocrx_word' id='word_1_62' title='bbox 191 1131 278 1198; x_wconf 90' lang='lat' dir='ltr'>nium</span> <span class='ocrx_word' id='word_1_63' title='bbox 292 1131 412 1198; x_wconf 91' lang='lat' dir='ltr'>animos</span> <span class='ocrx_word' id='word_1_64' title='bbox 427 1131 638 1198; x_wconf 80' lang='lat' dir='ltr'>consolatione</span> <span class='ocrx_word' id='word_1_65' title='bbox 652 1141 750 1198; x_wconf 89' lang='lat' dir='ltr'>sanat.</span> <span class='ocrx_word' id='word_1_66' title='bbox 774 1155 846 1199; x_wconf 92' lang='lat' dir='ltr'>cum</span> <span class='ocrx_word' id='word_1_67' title='bbox 859 1135 893 1199; x_wconf 94' lang='lat' dir='ltr'>in</span> <span class='ocrx_word' id='word_1_68' title='bbox 903 1132 1058 1200; x_wconf 80' lang='lat' dir='ltr'>Carnutes</span> <span class='ocrx_word' id='word_1_69' title='bbox 1068 1135 1215 1212; x_wconf 87' lang='lat' dir='ltr'>venisset,</span> 
     </span>
     <span class='ocr_line' id='line_1_11' title="bbox 191 1225 1217 1315; baseline 0.001 -23"><span class='ocrx_word' id='word_1_70' title='bbox 191 1247 325 1311; x_wconf 91' lang='lat' dir='ltr'>quorum</span> <span class='ocrx_word' id='word_1_71' title='bbox 342 1225 376 1291; x_wconf 91' lang='lat' dir='ltr'>in</span> <span class='ocrx_word' id='word_1_72' title='bbox 393 1225 517 1292; x_wconf 88' lang='lat' dir='ltr'>civitate</span> <span class='ocrx_word' id='word_1_73' title='bbox 531 1227 689 1312; x_wconf 86' lang='lat' dir='ltr'>superiore</span> <span class='ocrx_word' id='word_1_74' title='bbox 703 1228 924 1294; x_wconf 90' lang='lat' dir='ltr'>commentario</span> <span class='ocrx_word' id='word_1_75' title='bbox 939 1227 1060 1295; x_wconf 85' lang='lat' dir='ltr'>Caesar</span> <span class='ocrx_word' id='word_1_76' title='bbox 1073 1228 1217 1315; x_wconf 85' lang='lat' dir='ltr'>exposuit</span> 
     </span>
     <span class='ocr_line' id='line_1_12' title="bbox 191 1319 1217 1409; baseline 0.001 -23"><span class='ocrx_word' id='word_1_77' title='bbox 191 1320 313 1386; x_wconf 91' lang='lat' dir='ltr'>initium</span> <span class='ocrx_word' id='word_1_78' title='bbox 330 1319 404 1386; x_wconf 93' lang='lat' dir='ltr'>belli</span> <span class='ocrx_word' id='word_1_79' title='bbox 421 1341 493 1387; x_wconf 86' lang='lat' dir='ltr'>esse</span> <span class='ocrx_word' id='word_1_80' title='bbox 510 1329 622 1400; x_wconf 91' lang='lat' dir='ltr'>ortum,</span> <span class='ocrx_word' id='word_1_81' title='bbox 641 1321 726 1406; x_wconf 89' lang='lat' dir='ltr'>quod</span> <span class='ocrx_word' id='word_1_82' title='bbox 742 1322 909 1408; x_wconf 89' lang='lat' dir='ltr'>praecipue</span> <span class='ocrx_word' id='word_1_83' title='bbox 927 1344 981 1390; x_wconf 91' lang='lat' dir='ltr'>eos</span> <span class='ocrx_word' id='word_1_84' title='bbox 998 1331 1129 1409; x_wconf 90' lang='lat' dir='ltr'>propter</span> <span class='ocrx_word' id='word_1_85' title='bbox 1146 1345 1217 1389; x_wconf 90' lang='lat' dir='ltr'>oon·</span> 
     </span>
     <span class='ocr_line' id='line_1_13' title="bbox 192 1414 1217 1501; baseline 0.002 -21"><span class='ocrx_word' id='word_1_86' title='bbox 192 1415 354 1482; x_wconf 88' lang='lat' dir='ltr'>seientiam</span> <span class='ocrx_word' id='word_1_87' title='bbox 371 1414 447 1481; x_wconf 85' lang='lat' dir='ltr'>facti</span> <span class='ocrx_word' id='word_1_88' title='bbox 465 1415 573 1482; x_wconf 88' lang='lat' dir='ltr'>timere</span> <span class='ocrx_word' id='word_1_89' title='bbox 595 1415 874 1495; x_wconf 85' lang='lat' dir='ltr'>animadvertebat,</span> <span class='ocrx_word' id='word_1_90' title='bbox 902 1438 965 1501; x_wconf 89' lang='lat' dir='ltr'>quo</span> <span class='ocrx_word' id='word_1_91' title='bbox 987 1416 1122 1483; x_wconf 89' lang='lat' dir='ltr'>celerius</span> <span class='ocrx_word' id='word_1_92' title='bbox 1144 1417 1217 1482; x_wconf 84' lang='lat' dir='ltr'>civi·</span> 
     </span>
     <span class='ocr_line' id='line_1_14' title="bbox 191 1509 1217 1596; baseline 0 -20"><span class='ocrx_word' id='word_1_93' title='bbox 191 1519 288 1576; x_wconf 86' lang='lat' dir='ltr'>tatem</span> <span class='ocrx_word' id='word_1_94' title='bbox 305 1511 416 1577; x_wconf 89' lang='lat' dir='ltr'>timore</span> <span class='ocrx_word' id='word_1_95' title='bbox 432 1509 590 1589; x_wconf 90' lang='lat' dir='ltr'>liberaret,</span> <span class='ocrx_word' id='word_1_96' title='bbox 617 1511 789 1596; x_wconf 90' lang='lat' dir='ltr'>prinoipem</span> <span class='ocrx_word' id='word_1_97' title='bbox 811 1510 937 1577; x_wconf 88' lang='lat' dir='ltr'>sceleris</span> <span class='ocrx_word' id='word_1_98' title='bbox 958 1510 1042 1577; x_wconf 91' lang='lat' dir='ltr'>illius</span> <span class='ocrx_word' id='word_1_99' title='bbox 1065 1520 1099 1577; x_wconf 90' lang='lat' dir='ltr'>et</span> <span class='ocrx_word' id='word_1_100' title='bbox 1115 1510 1217 1578; x_wconf 86' lang='lat' dir='ltr'>conei-</span> 
     </span>
     <span class='ocr_line' id='line_1_15' title="bbox 191 1601 1216 1692; baseline -0.002 -21"><span class='ocrx_word' id='word_1_101' title='bbox 191 1613 322 1671; x_wconf 88' lang='lat' dir='ltr'>tatorem</span> <span class='ocrx_word' id='word_1_102' title='bbox 339 1604 422 1682; x_wconf 92' lang='lat' dir='ltr'>belli,</span> <span class='ocrx_word' id='word_1_103' title='bbox 442 1601 641 1683; x_wconf 88' lang='lat' dir='ltr'>Gutruatum,</span> <span class='ocrx_word' id='word_1_104' title='bbox 660 1605 702 1670; x_wconf 93' lang='lat' dir='ltr'>ad</span> <span class='ocrx_word' id='word_1_105' title='bbox 719 1603 908 1692; x_wconf 86' lang='lat' dir='ltr'>supplicium</span> <span class='ocrx_word' id='word_1_106' title='bbox 925 1604 1120 1691; x_wconf 78' lang='lat' dir='ltr'>depoposcit.</span> <span class='ocrx_word' id='word_1_107' title='bbox 1163 1603 1216 1690; x_wconf 90' lang='lat' dir='ltr'>qui</span> 
     </span>
     <span class='ocr_line' id='line_1_16' title="bbox 192 1698 1216 1783; baseline -0.002 -17"><span class='ocrx_word' id='word_1_108' title='bbox 192 1699 251 1765; x_wconf 91' lang='lat' dir='ltr'>etsi</span> <span class='ocrx_word' id='word_1_109' title='bbox 269 1720 309 1764; x_wconf 89' lang='lat' dir='ltr'>ne</span> <span class='ocrx_word' id='word_1_110' title='bbox 327 1698 448 1765; x_wconf 86' lang='lat' dir='ltr'>civibus</span> <span class='ocrx_word' id='word_1_111' title='bbox 466 1699 592 1783; x_wconf 91' lang='lat' dir='ltr'>quidem</span> <span class='ocrx_word' id='word_1_112' title='bbox 611 1699 676 1766; x_wconf 91' lang='lat' dir='ltr'>suis</span> <span class='ocrx_word' id='word_1_113' title='bbox 700 1721 735 1766; x_wconf 90' lang='lat' dir='ltr'>se</span> <span class='ocrx_word' id='word_1_114' title='bbox 757 1699 986 1778; x_wconf 80' lang='lat' dir='ltr'>committebat,</span> <span class='ocrx_word' id='word_1_115' title='bbox 1013 1708 1122 1765; x_wconf 87' lang='lat' dir='ltr'>tamen</span> <span class='ocrx_word' id='word_1_116' title='bbox 1139 1698 1216 1766; x_wconf 87' lang='lat' dir='ltr'>cele-</span> 
     </span>
     <span class='ocr_line' id='line_1_17' title="bbox 191 1792 1263 1881; baseline 0.003 -23"><span class='ocrx_word' id='word_1_117' title='bbox 191 1792 265 1858; x_wconf 89' lang='lat' dir='ltr'>riter</span> <span class='ocrx_word' id='word_1_118' title='bbox 282 1792 422 1858; x_wconf 93' lang='lat' dir='ltr'>omnium</span> <span class='ocrx_word' id='word_1_119' title='bbox 440 1813 513 1857; x_wconf 87' lang='lat' dir='ltr'>cura</span> <span class='ocrx_word' id='word_1_120' title='bbox 530 1792 691 1876; x_wconf 89' lang='lat' dir='ltr'>quaesitus</span> <span class='ocrx_word' id='word_1_121' title='bbox 708 1793 742 1858; x_wconf 93' lang='lat' dir='ltr'>in</span> <span class='ocrx_word' id='word_1_122' title='bbox 759 1802 862 1860; x_wconf 87' lang='lat' dir='ltr'>castra</span> <span class='ocrx_word' id='word_1_123' title='bbox 878 1792 1066 1880; x_wconf 87' lang='lat' dir='ltr'>perducitur.</span> <span class='ocrx_word' id='word_1_124' title='bbox 1095 1792 1215 1881; x_wconf 85' lang='lat' dir='ltr'>cogitur</span> <span class='ocrx_word' id='word_1_125' title='bbox 1258 1816 1263 1861; x_wconf 87' lang='grc'>;</span> 
     </span>
     <span class='ocr_line' id='line_1_18' title="bbox 190 1885 1217 1973; baseline 0 -21"><span class='ocrx_word' id='word_1_126' title='bbox 190 1888 223 1952; x_wconf 91' lang='lat' dir='ltr'>in</span> <span class='ocrx_word' id='word_1_127' title='bbox 241 1887 308 1952; x_wconf 89' lang='lat' dir='ltr'>eius</span> <span class='ocrx_word' id='word_1_128' title='bbox 327 1887 514 1973; x_wconf 86' lang='lat' dir='ltr'>supplicium</span> <span class='ocrx_word' id='word_1_129' title='bbox 533 1885 653 1953; x_wconf 88' lang='lat' dir='ltr'>Caesar</span> <span class='ocrx_word' id='word_1_130' title='bbox 670 1896 777 1953; x_wconf 77' lang='lat' dir='ltr'>conus</span> <span class='ocrx_word' id='word_1_131' title='bbox 794 1910 884 1954; x_wconf 88' lang='lat' dir='ltr'>suam</span> <span class='ocrx_word' id='word_1_132' title='bbox 901 1896 1045 1954; x_wconf 88' lang='lat' dir='ltr'>naturam</span> <span class='ocrx_word' id='word_1_133' title='bbox 1062 1909 1217 1954; x_wconf 88' lang='lat' dir='ltr'>concursu</span> 
     </span>
     <span class='ocr_line' id='line_1_19' title="bbox 190 1979 1217 2068; baseline 0 -21"><span class='ocrx_word' id='word_1_134' title='bbox 190 1981 327 2047; x_wconf 88' lang='lat' dir='ltr'>maximo</span> <span class='ocrx_word' id='word_1_135' title='bbox 349 1981 496 2060; x_wconf 89' lang='lat' dir='ltr'>militum,</span> <span class='ocrx_word' id='word_1_136' title='bbox 524 1981 578 2065; x_wconf 93' lang='lat' dir='ltr'>qui</span> <span class='ocrx_word' id='word_1_137' title='bbox 600 1981 705 2047; x_wconf 92' lang='lat' dir='ltr'>omnia</span> <span class='ocrx_word' id='word_1_138' title='bbox 726 1981 866 2068; x_wconf 88' lang='lat' dir='ltr'>pericula</span> <span class='ocrx_word' id='word_1_139' title='bbox 887 1989 918 2047; x_wconf 90' lang='lat' dir='ltr'>et</span> <span class='ocrx_word' id='word_1_140' title='bbox 939 1981 1129 2049; x_wconf 87' lang='lat' dir='ltr'>detrimenta</span> <span class='ocrx_word' id='word_1_141' title='bbox 1145 1979 1217 2049; x_wconf 89' lang='lat' dir='ltr'>belli</span> 
     </span>
     <span class='ocr_line' id='line_1_20' title="bbox 193 2072 1217 2162; baseline -0.002 -19"><span class='ocrx_word' id='word_1_142' title='bbox 193 2072 348 2143; x_wconf 87' lang='lat' dir='ltr'>Gutruato</span> <span class='ocrx_word' id='word_1_143' title='bbox 366 2086 494 2162; x_wconf 87' lang='lat' dir='ltr'>accepta</span> <span class='ocrx_word' id='word_1_144' title='bbox 511 2075 697 2154; x_wconf 79' lang='lat' dir='ltr'>referebant,</span> <span class='ocrx_word' id='word_1_145' title='bbox 716 2075 795 2141; x_wconf 87' lang='lat' dir='ltr'>adeo</span> <span class='ocrx_word' id='word_1_146' title='bbox 812 2084 850 2141; x_wconf 91' lang='lat' dir='ltr'>ut</span> <span class='ocrx_word' id='word_1_147' title='bbox 862 2075 1044 2143; x_wconf 85' lang='lat' dir='ltr'>verberibus</span> <span class='ocrx_word' id='word_1_148' title='bbox 1059 2076 1217 2142; x_wconf 84' lang='lat' dir='ltr'>exanima·</span> 
     </span>
     <span class='ocr_line' id='line_1_21' title="bbox 191 2169 677 2256; baseline 0.002 -22"><span class='ocrx_word' id='word_1_149' title='bbox 191 2179 258 2234; x_wconf 92' lang='lat' dir='ltr'>tum</span> <span class='ocrx_word' id='word_1_150' title='bbox 276 2191 388 2256; x_wconf 88' lang='lat' dir='ltr'>corpus</span> <span class='ocrx_word' id='word_1_151' title='bbox 407 2170 507 2236; x_wconf 89' lang='lat' dir='ltr'>securi</span> <span class='ocrx_word' id='word_1_152' title='bbox 525 2169 677 2236; x_wconf 86' lang='lat' dir='ltr'>feriretur.</span> 
     </span>
     <span class='ocr_line' id='line_1_22' title="bbox 141 2263 1217 2352; baseline -0.001 -21"><span class='ocrx_word' id='word_1_153' title='bbox 141 2282 172 2331; x_wconf 83' lang='lat' dir='ltr'>aa</span> <span class='ocrx_word' id='word_1_154' title='bbox 254 2263 305 2330; x_wconf 89' lang='lat' dir='ltr'>lbi</span> <span class='ocrx_word' id='word_1_155' title='bbox 322 2263 439 2330; x_wconf 85' lang='lat' dir='ltr'>crebris</span> <span class='ocrx_word' id='word_1_156' title='bbox 456 2263 565 2330; x_wconf 90' lang='lat' dir='ltr'>litteris</span> <span class='ocrx_word' id='word_1_157' title='bbox 581 2263 707 2330; x_wconf 83' lang='lat' dir='ltr'>Caninii</span> <span class='ocrx_word' id='word_1_158' title='bbox 719 2263 755 2328; x_wconf 88' lang='lat' dir='ltr'>fit</span> <span class='ocrx_word' id='word_1_159' title='bbox 768 2263 888 2344; x_wconf 88' lang='lat' dir='ltr'>certior,</span> <span class='ocrx_word' id='word_1_160' title='bbox 906 2284 987 2349; x_wconf 90' lang='lat' dir='ltr'>quae</span> <span class='ocrx_word' id='word_1_161' title='bbox 1001 2263 1041 2330; x_wconf 91' lang='lat' dir='ltr'>de</span> <span class='ocrx_word' id='word_1_162' title='bbox 1053 2263 1217 2352; x_wconf 87' lang='lat' dir='ltr'>Drappete</span> 
     </span>
     <span class='ocr_line' id='line_1_23' title="bbox 191 2359 1218 2446; baseline 0.001 -22"><span class='ocrx_word' id='word_1_163' title='bbox 191 2368 222 2424; x_wconf 93' lang='lat' dir='ltr'>et</span> <span class='ocrx_word' id='word_1_164' title='bbox 239 2359 389 2425; x_wconf 89' lang='lat' dir='ltr'>Lucterio</span> <span class='ocrx_word' id='word_1_165' title='bbox 406 2368 497 2446; x_wconf 83' lang='lat' dir='ltr'>gesta</span> <span class='ocrx_word' id='word_1_166' title='bbox 515 2368 634 2439; x_wconf 91' lang='lat' dir='ltr'>essent,</span> <span class='ocrx_word' id='word_1_167' title='bbox 658 2381 783 2445; x_wconf 90' lang='lat' dir='ltr'>quoque</span> <span class='ocrx_word' id='word_1_168' title='bbox 800 2360 833 2425; x_wconf 94' lang='lat' dir='ltr'>in</span> <span class='ocrx_word' id='word_1_169' title='bbox 851 2360 981 2427; x_wconf 89' lang='lat' dir='ltr'>consilio</span> <span class='ocrx_word' id='word_1_170' title='bbox 998 2368 1218 2446; x_wconf 86' lang='lat' dir='ltr'>permanerent</span> 
     </span>
     <span class='ocr_line' id='line_1_24' title="bbox 191 2453 1218 2541; baseline -0.001 -21"><span class='ocrx_word' id='word_1_171' title='bbox 191 2454 347 2540; x_wconf 88' lang='lat' dir='ltr'>oppidani.</span> <span class='ocrx_word' id='word_1_172' title='bbox 396 2475 529 2538; x_wconf 92' lang='lat' dir='ltr'>quorum</span> <span class='ocrx_word' id='word_1_173' title='bbox 555 2454 615 2521; x_wconf 92' lang='lat' dir='ltr'>etsi</span> <span class='ocrx_word' id='word_1_174' title='bbox 639 2455 829 2541; x_wconf 89' lang='lat' dir='ltr'>paucitatem</span> <span class='ocrx_word' id='word_1_175' title='bbox 855 2453 1084 2533; x_wconf 86' lang='lat' dir='ltr'>contemnebat,</span> <span class='ocrx_word' id='word_1_176' title='bbox 1112 2463 1218 2520; x_wconf 86' lang='lat' dir='ltr'>tamen</span> 
     </span>
     <span class='ocr_line' id='line_1_25' title="bbox 190 2547 1217 2634; baseline 0.001 -23"><span class='ocrx_word' id='word_1_177' title='bbox 190 2547 393 2632; x_wconf 88' lang='lat' dir='ltr'>pertinaciam</span> <span class='ocrx_word' id='word_1_178' title='bbox 410 2571 526 2634; x_wconf 87' lang='lat' dir='ltr'>magna</span> <span class='ocrx_word' id='word_1_179' title='bbox 543 2570 645 2634; x_wconf 89' lang='lat' dir='ltr'>poena</span> <span class='ocrx_word' id='word_1_180' title='bbox 666 2569 736 2616; x_wconf 90' lang='lat' dir='ltr'>esse</span> <span class='ocrx_word' id='word_1_181' title='bbox 759 2548 957 2615; x_wconf 86' lang='lat' dir='ltr'>afficiendam</span> <span class='ocrx_word' id='word_1_182' title='bbox 978 2547 1150 2627; x_wconf 86' lang='lat' dir='ltr'>iudicabat,</span> <span class='ocrx_word' id='word_1_183' title='bbox 1176 2569 1217 2613; x_wconf 88' lang='lat' dir='ltr'>ne</span> 
     </span>
     <span class='ocr_line' id='line_1_26' title="bbox 192 2637 1217 2709; baseline 0.002 -5"><span class='ocrx_word' id='word_1_184' title='bbox 192 2641 338 2707; x_wconf 91' lang='lat' dir='ltr'>universa</span> <span class='ocrx_word' id='word_1_185' title='bbox 360 2637 464 2708; x_wconf 85' lang='lat' dir='ltr'>Gallia</span> <span class='ocrx_word' id='word_1_186' title='bbox 489 2662 553 2707; x_wconf 91' lang='lat' dir='ltr'>non</span> <span class='ocrx_word' id='word_1_187' title='bbox 579 2640 640 2707; x_wconf 90' lang='lat' dir='ltr'>sibi</span> <span class='ocrx_word' id='word_1_188' title='bbox 664 2642 748 2709; x_wconf 86' lang='lat' dir='ltr'>vires</span> <span class='ocrx_word' id='word_1_189' title='bbox 776 2642 914 2709; x_wconf 86' lang='lat' dir='ltr'>defuisse</span> <span class='ocrx_word' id='word_1_190' title='bbox 941 2642 982 2708; x_wconf 89' lang='lat' dir='ltr'>ad</span> <span class='ocrx_word' id='word_1_191' title='bbox 1007 2641 1217 2708; x_wconf 88' lang='lat' dir='ltr'>resistendum</span> 
     </span>
     <span class='ocr_line' id='line_1_27' title="bbox 190 2734 1216 2822; baseline 0.003 -24"><span class='ocrx_word' id='word_1_192' title='bbox 190 2734 356 2812; x_wconf 85' lang='lat' dir='ltr'>Romanis,</span> <span class='ocrx_word' id='word_1_193' title='bbox 376 2735 433 2800; x_wconf 89' lang='lat' dir='ltr'>sed</span> <span class='ocrx_word' id='word_1_194' title='bbox 450 2735 657 2802; x_wconf 87' lang='lat' dir='ltr'>constantiam</span> <span class='ocrx_word' id='word_1_195' title='bbox 672 2744 810 2822; x_wconf 89' lang='lat' dir='ltr'>putaret,</span> <span class='ocrx_word' id='word_1_196' title='bbox 829 2759 907 2803; x_wconf 85' lang='lat' dir='ltr'>neve</span> <span class='ocrx_word' id='word_1_197' title='bbox 925 2736 986 2803; x_wconf 90' lang='lat' dir='ltr'>hoc</span> <span class='ocrx_word' id='word_1_198' title='bbox 1003 2735 1148 2821; x_wconf 88' lang='lat' dir='ltr'>exemplo</span> <span class='ocrx_word' id='word_1_199' title='bbox 1166 2757 1216 2801; x_wconf 88' lang='lat' dir='ltr'>ce·</span> 
     </span>
     <span class='ocr_line' id='line_1_28' title="bbox 190 2827 1216 2917; baseline 0.004 -26"><span class='ocrx_word' id='word_1_200' title='bbox 190 2837 274 2892; x_wconf 84' lang='lat' dir='ltr'>teras</span> <span class='ocrx_word' id='word_1_201' title='bbox 292 2828 433 2893; x_wconf 86' lang='lat' dir='ltr'>civitates</span> <span class='ocrx_word' id='word_1_202' title='bbox 449 2827 590 2895; x_wconf 87' lang='lat' dir='ltr'>locorum</span> <span class='ocrx_word' id='word_1_203' title='bbox 607 2831 836 2917; x_wconf 90' lang='lat' dir='ltr'>opportunitate</span> <span class='ocrx_word' id='word_1_204' title='bbox 854 2830 952 2898; x_wconf 84' lang='lat' dir='ltr'>fretae</span> <span class='ocrx_word' id='word_1_205' title='bbox 970 2852 1005 2897; x_wconf 90' lang='lat' dir='ltr'>se</span> <span class='ocrx_word' id='word_1_206' title='bbox 1021 2830 1216 2896; x_wconf 84' lang='lat' dir='ltr'>vindicarent</span> 
     </span>
     <span class='ocr_line' id='line_1_29' title="bbox 189 2921 1218 3000; baseline 0.001 -13"><span class='ocrx_word' id='word_1_207' title='bbox 189 2923 223 2987; x_wconf 97' lang='lat' dir='ltr'>in</span> <span class='ocrx_word' id='word_1_208' title='bbox 239 2921 427 3000; x_wconf 89' lang='lat' dir='ltr'>libertatem,</span> <span class='ocrx_word' id='word_1_209' title='bbox 447 2944 519 2988; x_wconf 88' lang='lat' dir='ltr'>curn</span> <span class='ocrx_word' id='word_1_210' title='bbox 536 2923 681 2990; x_wconf 92' lang='lat' dir='ltr'>omnibus</span> <span class='ocrx_word' id='word_1_211' title='bbox 701 2922 801 2993; x_wconf 83' lang='lat' dir='ltr'>Gallis</span> <span class='ocrx_word' id='word_1_212' title='bbox 819 2933 929 2991; x_wconf 89' lang='lat' dir='ltr'>notum</span> <span class='ocrx_word' id='word_1_213' title='bbox 946 2945 1017 2992; x_wconf 90' lang='lat' dir='ltr'>esse</span> <span class='ocrx_word' id='word_1_214' title='bbox 1035 2923 1130 2991; x_wconf 91' lang='lat' dir='ltr'>sciret</span> <span class='ocrx_word' id='word_1_215' title='bbox 1145 2921 1218 2991; x_wconf 87' lang='lat' dir='ltr'>reli·</span> 
     </span>
     <span class='ocr_line' id='line_1_30' title="bbox 190 3016 1217 3105; baseline 0 -23"><span class='ocrx_word' id='word_1_216' title='bbox 190 3038 285 3100; x_wconf 90' lang='lat' dir='ltr'>quam</span> <span class='ocrx_word' id='word_1_217' title='bbox 302 3038 372 3083; x_wconf 90' lang='lat' dir='ltr'>esse</span> <span class='ocrx_word' id='word_1_218' title='bbox 390 3038 486 3083; x_wconf 92' lang='lat' dir='ltr'>unam</span> <span class='ocrx_word' id='word_1_219' title='bbox 504 3027 653 3084; x_wconf 87' lang='lat' dir='ltr'>aestatem</span> <span class='ocrx_word' id='word_1_220' title='bbox 672 3040 747 3086; x_wconf 90' lang='lat' dir='ltr'>suae</span> <span class='ocrx_word' id='word_1_221' title='bbox 764 3019 952 3105; x_wconf 84' lang='lat' dir='ltr'>provinciae,</span> <span class='ocrx_word' id='word_1_222' title='bbox 971 3039 1067 3103; x_wconf 89' lang='lat' dir='ltr'>quam</span> <span class='ocrx_word' id='word_1_223' title='bbox 1081 3017 1109 3083; x_wconf 90' lang='lat' dir='ltr'>si</span> <span class='ocrx_word' id='word_1_224' title='bbox 1123 3016 1217 3083; x_wconf 89' lang='lat' dir='ltr'>susti·</span> 
     </span>
     <span class='ocr_line' id='line_1_31' title="bbox 189 3110 1216 3200; baseline 0 -24"><span class='ocrx_word' id='word_1_225' title='bbox 189 3132 263 3176; x_wconf 92' lang='lat' dir='ltr'>nere</span> <span class='ocrx_word' id='word_1_226' title='bbox 275 3110 459 3197; x_wconf 84' lang='lat' dir='ltr'>potuissent,</span> <span class='ocrx_word' id='word_1_227' title='bbox 478 3111 598 3178; x_wconf 90' lang='lat' dir='ltr'>nullum</span> <span class='ocrx_word' id='word_1_228' title='bbox 611 3112 693 3178; x_wconf 92' lang='lat' dir='ltr'>ultra</span> <span class='ocrx_word' id='word_1_229' title='bbox 704 3113 878 3200; x_wconf 88' lang='lat' dir='ltr'>periculum</span> <span class='ocrx_word' id='word_1_230' title='bbox 894 3121 1084 3180; x_wconf 86' lang='lat' dir='ltr'>vererentur.</span> <span class='ocrx_word' id='word_1_231' title='bbox 1109 3111 1216 3195; x_wconf 85' lang='lat' dir='ltr'>itaque</span> 
     </span>
     <span class='ocr_line' id='line_1_32' title="bbox 191 3204 1215 3296; baseline -0.004 -22"><span class='ocrx_word' id='word_1_232' title='bbox 191 3205 231 3290; x_wconf 83' lang='lat' dir='ltr'>Q.</span> <span class='ocrx_word' id='word_1_233' title='bbox 252 3206 406 3275; x_wconf 84' lang='lat' dir='ltr'>Calenum</span> <span class='ocrx_word' id='word_1_234' title='bbox 427 3207 567 3296; x_wconf 86' lang='lat' dir='ltr'>legatum</span> <span class='ocrx_word' id='word_1_235' title='bbox 589 3230 661 3274; x_wconf 91' lang='lat' dir='ltr'>oum</span> <span class='ocrx_word' id='word_1_236' title='bbox 682 3207 858 3296; x_wconf 85' lang='lat' dir='ltr'>legionibus</span> <span class='ocrx_word' id='word_1_237' title='bbox 880 3207 1020 3293; x_wconf 89' lang='lat' dir='ltr'>reliquit,</span> <span class='ocrx_word' id='word_1_238' title='bbox 1047 3204 1102 3291; x_wconf 89' lang='lat' dir='ltr'>qui</span> <span class='ocrx_word' id='word_1_239' title='bbox 1124 3204 1215 3272; x_wconf 89' lang='lat' dir='ltr'>iustis</span> 
     </span>
     <span class='ocr_line' id='line_1_33' title="bbox 189 3301 1217 3388; baseline 0 -22"><span class='ocrx_word' id='word_1_240' title='bbox 189 3301 352 3368; x_wconf 88' lang='lat' dir='ltr'>itineribus</span> <span class='ocrx_word' id='word_1_241' title='bbox 379 3302 635 3388; x_wconf 82' lang='lat' dir='ltr'>subsequeretur3</span> <span class='ocrx_word' id='word_1_242' title='bbox 661 3304 730 3388; x_wconf 94' lang='lat' dir='ltr'>ipse</span> <span class='ocrx_word' id='word_1_243' title='bbox 757 3303 937 3369; x_wconf 93' lang='lat' dir='ltr'>cumomni</span> <span class='ocrx_word' id='word_1_244' title='bbox 959 3301 1099 3387; x_wconf 89' lang='lat' dir='ltr'>equitatu</span> <span class='ocrx_word' id='word_1_245' title='bbox 1121 3321 1217 3385; x_wconf 87' lang='lat' dir='ltr'>quam</span> 
     </span>
     <span class='ocr_line' id='line_1_34' title="bbox 139 3395 1216 3484; baseline -0.005 -20"><span class='ocrx_word' id='word_1_246' title='bbox 139 3417 173 3465; x_wconf 76' lang='lat' dir='ltr'>ro</span> <span class='ocrx_word' id='word_1_247' title='bbox 189 3405 293 3484; x_wconf 90' lang='lat' dir='ltr'>potest</span> <span class='ocrx_word' id='word_1_248' title='bbox 311 3396 469 3463; x_wconf 90' lang='lat' dir='ltr'>celerrime</span> <span class='ocrx_word' id='word_1_249' title='bbox 487 3398 528 3463; x_wconf 89' lang='lat' dir='ltr'>ad</span> <span class='ocrx_word' id='word_1_250' title='bbox 546 3395 715 3464; x_wconf 83' lang='lat' dir='ltr'>Caninium</span> <span class='ocrx_word' id='word_1_251' title='bbox 733 3395 900 3464; x_wconf 89' lang='lat' dir='ltr'>contendit.</span> <span class='ocrx_word' id='word_1_252' title='bbox 945 3418 1018 3462; x_wconf 89' lang='lat' dir='ltr'>cum</span> <span class='ocrx_word' id='word_1_253' title='bbox 1036 3402 1145 3462; x_wconf 74' lang='lat' dir='ltr'>eonua</span> <span class='ocrx_word' id='word_1_254' title='bbox 1161 3415 1216 3460; x_wconf 89' lang='lat' dir='ltr'>ex·</span> 
     </span>
     <span class='ocr_line' id='line_1_35' title="bbox 190 3487 1217 3578; baseline -0.004 -22"><span class='ocrx_word' id='word_1_255' title='bbox 190 3490 414 3578; x_wconf 89' lang='lat' dir='ltr'>spectationem</span> <span class='ocrx_word' id='word_1_256' title='bbox 432 3492 571 3558; x_wconf 89' lang='lat' dir='ltr'>omnium</span> <span class='ocrx_word' id='word_1_257' title='bbox 586 3490 706 3558; x_wconf 87' lang='lat' dir='ltr'>Caesar</span> <span class='ocrx_word' id='word_1_258' title='bbox 718 3489 955 3559; x_wconf 87' lang='lat' dir='ltr'>Uxellodunum</span> <span class='ocrx_word' id='word_1_259' title='bbox 971 3489 1111 3556; x_wconf 85' lang='lat' dir='ltr'>venisset</span> <span class='ocrx_word' id='word_1_260' title='bbox 1127 3487 1217 3575; x_wconf 89' lang='lat' dir='ltr'>oppi-</span> 
     </span>
     <span class='ocr_line' id='line_1_36' title="bbox 190 3581 1216 3671; baseline -0.003 -21"><span class='ocrx_word' id='word_1_261' title='bbox 190 3586 326 3670; x_wconf 87' lang='lat' dir='ltr'>dumque</span> <span class='ocrx_word' id='word_1_262' title='bbox 345 3585 491 3671; x_wconf 93' lang='lat' dir='ltr'>operibus</span> <span class='ocrx_word' id='word_1_263' title='bbox 510 3587 652 3653; x_wconf 88' lang='lat' dir='ltr'>clausum</span> <span class='ocrx_word' id='word_1_264' title='bbox 670 3585 929 3653; x_wconf 85' lang='lat' dir='ltr'>animadverteret</span> <span class='ocrx_word' id='word_1_265' title='bbox 945 3605 1049 3670; x_wconf 88' lang='lat' dir='ltr'>neque</span> <span class='ocrx_word' id='word_1_266' title='bbox 1062 3581 1102 3650; x_wconf 90' lang='lat' dir='ltr'>ab</span> <span class='ocrx_word' id='word_1_267' title='bbox 1116 3603 1216 3670; x_wconf 90' lang='lat' dir='ltr'>oppu-</span> 
     </span>
     <span class='ocr_line' id='line_1_37' title="bbox 189 3680 1216 3768; baseline -0.005 -22"><span class='ocrx_word' id='word_1_268' title='bbox 189 3681 336 3768; x_wconf 81' lang='lat' dir='ltr'>gnatione</span> <span class='ocrx_word' id='word_1_269' title='bbox 348 3681 453 3746; x_wconf 86' lang='lat' dir='ltr'>recedi</span> <span class='ocrx_word' id='word_1_270' title='bbox 466 3681 585 3746; x_wconf 88' lang='lat' dir='ltr'>videret</span> <span class='ocrx_word' id='word_1_271' title='bbox 597 3680 663 3748; x_wconf 90' lang='lat' dir='ltr'>ulla</span> <span class='ocrx_word' id='word_1_272' title='bbox 672 3682 853 3749; x_wconf 92' lang='lat' dir='ltr'>condicione</span> <span class='ocrx_word' id='word_1_273' title='bbox 866 3702 971 3768; x_wconf 90' lang='lat' dir='ltr'>posse,</span> <span class='ocrx_word' id='word_1_274' title='bbox 984 3700 1102 3766; x_wconf 85' lang='lat' dir='ltr'>magna</span> <span class='ocrx_word' id='word_1_275' title='bbox 1110 3685 1216 3743; x_wconf 88' lang='lat' dir='ltr'>autem</span> 
     </span>
     <span class='ocr_line' id='line_1_38' title="bbox 88 3773 1214 3866; baseline -0.002 -26"><span class='ocrx_word' id='word_1_276' title='bbox 88 3851 94 3866; x_wconf 31' lang='grc' dir='ltr'>ι</span> <span class='ocrx_word' id='word_1_277' title='bbox 190 3776 280 3861; x_wconf 91' lang='lat' dir='ltr'>copia</span> <span class='ocrx_word' id='word_1_278' title='bbox 297 3773 445 3842; x_wconf 86' lang='lat' dir='ltr'>frumenti</span> <span class='ocrx_word' id='word_1_279' title='bbox 462 3773 620 3842; x_wconf 89' lang='lat' dir='ltr'>abundare</span> <span class='ocrx_word' id='word_1_280' title='bbox 639 3777 811 3864; x_wconf 92' lang='lat' dir='ltr'>oppidanos</span> <span class='ocrx_word' id='word_1_281' title='bbox 830 3798 870 3843; x_wconf 86' lang='lat' dir='ltr'>ex</span> <span class='ocrx_word' id='word_1_282' title='bbox 882 3775 1024 3864; x_wconf 81' lang='lat' dir='ltr'>perfugis</span> <span class='ocrx_word' id='word_1_283' title='bbox 1038 3779 1214 3860; x_wconf 81' lang='lat' dir='ltr'>cognosset,</span> 
     </span>
     <span class='ocr_line' id='line_1_39' title="bbox 183 3865 1215 3958; baseline -0.002 -25"><span class='ocrx_word' id='word_1_284' title='bbox 183 3890 269 3952; x_wconf 85' lang='lat' dir='ltr'>aqua</span> <span class='ocrx_word' id='word_1_285' title='bbox 280 3868 452 3957; x_wconf 84' lang='lat' dir='ltr'>prohibere</span> <span class='ocrx_word' id='word_1_286' title='bbox 470 3869 594 3938; x_wconf 88' lang='lat' dir='ltr'>hostem</span> <span class='ocrx_word' id='word_1_287' title='bbox 611 3880 761 3958; x_wconf 88' lang='lat' dir='ltr'>temptare</span> <span class='ocrx_word' id='word_1_288' title='bbox 783 3869 896 3958; x_wconf 83' lang='lat' dir='ltr'>coepit.</span> <span class='ocrx_word' id='word_1_289' title='bbox 939 3869 1057 3936; x_wconf 87' lang='lat' dir='ltr'>flumen</span> <span class='ocrx_word' id='word_1_290' title='bbox 1072 3865 1215 3933; x_wconf 83' lang='lat' dir='ltr'>infimam</span> 
     </span>
     <span class='ocr_line' id='line_1_40' title="bbox 172 3959 1215 4055; baseline -0.002 -29"><span class='ocrx_word' id='word_1_291' title='bbox 172 3961 287 4029; x_wconf 74' lang='lat' dir='ltr'>vallem</span> <span class='ocrx_word' id='word_1_292' title='bbox 308 3965 493 4048; x_wconf 84' lang='lat' dir='ltr'>dividebat,</span> <span class='ocrx_word' id='word_1_293' title='bbox 513 3989 599 4055; x_wconf 88' lang='lat' dir='ltr'>quae</span> <span class='ocrx_word' id='word_1_294' title='bbox 615 3975 722 4035; x_wconf 91' lang='lat' dir='ltr'>totum</span> <span class='ocrx_word' id='word_1_295' title='bbox 735 3987 841 4055; x_wconf 84' lang='lat' dir='ltr'>paene</span> <span class='ocrx_word' id='word_1_296' title='bbox 854 3975 998 4030; x_wconf 79' lang='lat' dir='ltr'>montem</span> <span class='ocrx_word' id='word_1_297' title='bbox 1009 3959 1169 4046; x_wconf 62' lang='lat' dir='ltr'>ungebat,</span> <span class='ocrx_word' id='word_1_298' title='bbox 1181 3959 1215 4026; x_wconf 89' lang='lat' dir='ltr'>in</span> 
     </span>
     <span class='ocr_line' id='line_1_41' title="bbox 148 4048 1237 4154; baseline -0.011 -23"><span class='ocrx_word' id='word_1_299' title='bbox 148 4071 224 4138; x_wconf 64' lang='lat'>,411⁰</span> <span class='ocrx_word' id='word_1_300' title='bbox 244 4061 401 4147; x_wconf 78' lang='lat' dir='ltr'>positum</span> <span class='ocrx_word' id='word_1_301' title='bbox 424 4073 500 4133; x_wconf 89' lang='lat' dir='ltr'>erat</span> <span class='ocrx_word' id='word_1_302' title='bbox 520 4073 741 4154; x_wconf 87' lang='lat' dir='ltr'>praeruptum</span> <span class='ocrx_word' id='word_1_303' title='bbox 765 4059 912 4144; x_wconf 73' lang='lat' dir='ltr'>undique</span> <span class='ocrx_word' id='word_1_304' title='bbox 937 4051 1090 4138; x_wconf 61' lang='lat' dir='ltr'>oppidum</span> <span class='ocrx_word' id='word_1_305' title='bbox 1098 4048 1237 4113; x_wconf 54' lang='lat' dir='ltr'>litabis-</span> 
     </span>
    </p>
   </div>
   <div class='ocr_carea' id='block_1_3' title="bbox 0 0 1268 4336">
    <p class='ocr_par' dir='ltr' id='par_1_3' title="bbox 0 0 1268 4336">
     <span class='ocr_line' id='line_1_42' title="bbox 0 0 1268 4336; baseline 0 0"><span class='ocrx_word' id='word_1_306' title='bbox 0 0 1268 4336; x_wconf 95' lang='lat' dir='ltr'> </span> 
     </span>
    </p>
   </div>
  </div>
 </body>
</html>
