2414 4336
151 291 214 361 116
467 304 521 362 DE
537 303 670 362 BELLO
684 302 850 363 enucleo

149 441 182 499 et
198 431 238 498 ob
256 452 326 496 eam
348 451 489 508 causam,
516 430 601 514 quod
620 452 753 517 regnum
774 421 954 516 appetebat,
979 427 1063 495 aboi

149 535 215 594 erat
230 524 425 604 interfectus,
449 525 626 592 convocatis
645 525 710 590 suis
727 523 891 590 clientibus
913 522 1004 590 facile
1018 523 1063 589 ine

149 621 274 710 cognito
292 619 359 686 eius
377 619 506 686 consilio
523 620 565 686 ad
581 642 672 686 arma·
684 619 886 685 concurritur.
930 617 1063 705 prohibet

150 713 390 791 Gobannitione,
404 722 515 800 patruo
525 736 592 793 suo,
605 713 795 798 reliquisque
803 712 1007 800 principibus,
1019 711 1063 796 qui

149 809 363 897 temptandam
379 807 536 874 fortunam
553 831 618 874 non
634 806 863 885 existimabant,
881 807 1063 894 expelliture

149 905 224 993 pido
247 900 419 990 Gergovia3
445 925 510 969 non
530 902 647 969 destitit
667 911 772 968 tamen
793 910 885 986 atque
911 902 946 967 in
970 902 1051 988 agris

150 1000 304 1066 delectum
317 996 476 1085 egentium
489 1020 526 1063 ac
538 997 738 1085 perditorum.
764 995 824 1063 hac
837 1005 947 1062 coacta
958 1019 1058 1074 mann,

150 1115 284 1178 eumque
310 1092 375 1158 adit
396 1113 436 1157 ex
457 1091 594 1170 civitate,
621 1091 662 1157 ad
688 1113 778 1157 suam
803 1090 991 1157 sententiam
1015 1112 1063 1176 per

149 1188 303 1265 hortatur,
321 1195 356 1251 ut
373 1186 547 1251 communis
563 1184 713 1251 libertatis
732 1207 827 1250 caum
844 1207 933 1250 arma
948 1185 1063 1270 capiant

150 1281 284 1371 gnisque
305 1281 420 1347 coactis
443 1280 541 1366 copiis
563 1280 756 1345 adversarios
779 1301 868 1358 suos,
895 1303 915 1344 a
941 1279 1054 1363 quibus

150 1385 222 1443 ante
239 1384 305 1442 erat
322 1376 452 1454 eiectus,
471 1374 597 1461 expellit
614 1397 654 1440 ex
671 1374 804 1440 civitate.
847 1396 904 1440 rex
921 1374 962 1441 ab
983 1374 1046 1441 suis
1061 1405 1063 1435 J

150 1471 240 1537 latur.
283 1469 409 1536 dimittit
426 1490 660 1554 quoqueversus
677 1468 864 1556 legationes;
881 1469 1063 1548 obtestata,

150 1565 213 1631 fide
229 1572 384 1630 maneant
428 1563 567 1630 celeriter
584 1563 643 1629 sibi
662 1560 818 1642 Senones,
837 1563 992 1643 Parisios,
1015 1563 1063 1630 Pit

152 1657 328 1736 Cadurcos,
355 1657 513 1736 Turonos,
539 1656 707 1736 Aulercos,
733 1657 937 1737 Lemovices,
965 1657 1063 1724 Anda

152 1774 293 1839 quosque
315 1773 437 1830 omnes,
464 1752 519 1836 qui
542 1749 706 1818 Oceanum
727 1751 896 1840 attingunt,
924 1752 1063 1840 adiungit

150 1847 238 1912 nium
260 1867 415 1911 consensu
436 1845 477 1911 ad
499 1868 570 1910 eum
595 1845 734 1911 defertur
757 1846 931 1931 imperium.
982 1869 1044 1932 qua

150 1949 303 2028 potestate
320 1938 464 2006 omnibus
481 1939 531 2006 his
549 1939 726 2007 civitatibus
744 1940 870 2006 obsides
888 1940 1036 2027 imperat,
1054 1962 1063 2007 t

150 2058 315 2102 numerum
330 2033 465 2099 militnm
482 2034 523 2100 ad
545 2057 578 2101 se
597 2035 736 2101 celeriter
758 2035 871 2101 adduci
888 2033 991 2115 iubet,
1013 2058 1063 2101 arn

151 2139 301 2216 quantum
318 2150 459 2214 quaeque
477 2129 586 2195 civitas
604 2130 689 2195 domi
706 2130 851 2215 quodque
869 2138 941 2196 ante
964 2140 1063 2217 tempu

152 2225 226 2304 ciat,
244 2224 417 2291 constituit:
442 2223 601 2310 inprimis
620 2225 771 2309 equitatui
788 2225 902 2290 studet
947 2247 1063 2291 summa

151 2320 273 2408 gentiae
295 2342 450 2385 summam
471 2318 593 2405 imperii
614 2318 810 2384 severitatem
832 2318 931 2384 addit:
960 2317 1063 2406 magni

153 2413 296 2501 supplicii
313 2413 490 2479 dubitantes
509 2412 601 2500 cogit
644 2437 719 2480 nam
740 2413 856 2480 maiore
874 2414 1063 2480 commisso<

151 2507 218 2594 igni
235 2517 328 2592 atque
345 2507 488 2574 omnibus
506 2507 666 2574 tormentis
684 2518 788 2588 necat,
814 2507 931 2575 leviore
949 2508 989 2573 de
1007 2530 1063 2574 cau

152 2602 238 2668 ribus
257 2602 390 2667 desectis
408 2611 462 2668 aut
480 2602 610 2689 singulis
630 2602 753 2669 effossis
771 2603 870 2669 oculis
888 2603 1019 2668 domum
1036 2624 1063 2667 rc

152 2704 188 2760 ut
205 2695 266 2761 sint
283 2695 409 2780 reliquis
427 2697 613 2762 documento
631 2706 662 2762 et
682 2697 897 2784 magnitudine
918 2718 1063 2783 poenae]

120 2798 241 2854 areant
258 2788 345 2854 alios.
372 2788 422 2854 his
441 2789 601 2876 suppliciis
620 2789 759 2856 celeriter
776 2801 883 2856 coacto
901 2790 1063 2856 exercitu]

151 2882 233 2948 rium
252 2880 444 2962 Cadurcum,
473 2906 613 2950 summae
630 2884 788 2950 hominem
805 2885 969 2964 audaciae,
997 2907 1063 2950 cum

153 2977 312 3063 copiarum
328 2977 361 3042 in
374 2976 515 3044 Rutenos
533 2979 640 3058 mittit3
658 2979 726 3065 ipse
739 2981 772 3044 in
785 2979 944 3066 Bituriges
958 2979 1063 3066 profici

153 3073 220 3138 eius
239 3072 375 3138 adventu
386 3071 546 3159 Bituriges
565 3073 606 3138 ad
618 3073 780 3153 Haeduos,
799 3096 931 3158 quorum
950 3083 1040 3139 erant
1056 3073 1063 3138 i

153 3167 272 3254 legatos
290 3166 415 3231 mittunt
434 3166 608 3232 subsidium
625 3177 783 3253 rogatum,
807 3190 869 3252 quo
890 3167 1015 3233 facilins
1037 3167 1063 3232 h<

154 3261 259 3347 copias
283 3261 434 3326 sustinere
457 3260 587 3346 pessint.
632 3261 759 3327 Haedui
780 3263 820 3327 de
841 3261 970 3328 consilio
987 3261 1063 3349 legs

154 3376 233 3438 qnos
260 3352 379 3421 Caesar
404 3355 444 3420 ad
470 3355 640 3420 exercitum
669 3355 848 3441 reliquerat,
879 3356 985 3442 copias
1018 3379 1063 3441 eqr

153 3448 370 3534 peditatusque
397 3447 536 3514 subsidio
558 3448 753 3536 Biturigibus
780 3451 914 3516 mittunt
960 3451 1016 3534 qui
1039 3472 1063 3516 cr

153 3541 270 3608 flumen
293 3542 436 3628 Ligerim
462 3541 634 3622 venissent,
665 3543 750 3628 quod
776 3543 934 3630 Bituriges
963 3543 1004 3609 ab
1032 3543 1063 3609 Η

155 3635 278 3714 dividit,
296 3657 413 3722 paucos
432 3637 498 3703 dies
516 3636 561 3703 ibi
577 3638 688 3703 morati
705 3660 806 3722 neque
823 3639 940 3703 flumen
957 3640 1063 3706 nansi

154 3730 282 3796 domum
303 3739 498 3797 revertuntur
518 3731 692 3819 legatisque
717 3733 832 3798 nostris
858 3732 1040 3799 renuntiant

149 3825 291 3912 turigum
316 3823 477 3911 perfidiam
503 3826 617 3892 veritos
643 3827 822 3905 revertisse,
853 3826 967 3912 quibus
994 3827 1030 3892 id
1056 3851 1063 3891 ⁴

151 3917 251 3985 fuisse
268 3917 480 4008 cognoverint,
497 3929 543 4000 ut,
562 3920 590 3986 si
605 3919 720 3986 flumen
738 3920 930 3998 transissent,
949 3943 1015 3986 una
1032 3944 1063 3987 es

8 4012 76 4090 ι
137 4014 212 4100 ipsi,
232 4014 335 4083 altera
352 4014 496 4084 Arverni
514 4039 549 4083 se
567 4015 845 4082 circumsisterent.
871 4015 914 4076 ib
926 4035 1006 4077 eane
1020 4017 1063 4077 de

122 4128 230 4198 quam
249 4111 374 4203 legatis
397 4113 672 4204 pronuntiarunt,
698 4133 744 4180 an
757 4105 896 4193 baffia
914 4103 1063 4171 affl&
