2414 4336
148 197 190 261 42
453 207 506 263 DE
524 206 674 264 BELLGO
695 201 862 265 snumco

147 331 269 411 debuit,
289 353 361 398 oum
377 332 411 396 in
427 354 491 396 una
508 333 621 397 virtute
639 332 740 398 omnis
759 354 831 418 spes
850 330 961 397 salutis
981 332 1171 399 consisteret.

147 425 259 494 occisis
277 426 319 493 ad
338 425 500 493 hominum
522 427 648 493 milibus
670 436 817 511 quattuor
837 425 951 512 reliqui
972 426 1011 493 in
1028 427 1172 516 oppidun

147 521 254 588 reiecti
271 530 353 587 sunt.
396 521 546 606 postridie
563 522 630 587 eius
648 521 712 586 diei
727 520 869 587 refractis
887 521 1007 606 portis,
1025 544 1105 589 cum
1116 524 1171 590 ian

148 615 329 682 defenderet
345 636 453 694 nemo,
480 623 573 700 atque
590 615 777 681 intromissis
795 615 947 682 militibus
964 617 1105 696 nostris,
1131 639 1172 683 se

149 710 282 776 ctionem
303 709 370 774 eius
392 709 500 794 oppidi
520 709 701 774 universam
722 709 842 776 Caesar
862 709 1020 777 vendidit.
1066 709 1109 777 ab
1128 711 1170 788 iis,
1206 785 1207 788 Ἴ

148 804 202 889 qui
228 811 379 880 emerant,
407 803 545 888 capitum
570 825 720 870 numerus
742 804 784 869 ad
804 824 878 869 eum
898 802 1023 871 relatus
1045 814 1099 871 est
1122 805 1171 871 mi·

149 897 226 962 lium
243 896 470 982 quinquaginta
487 896 591 963 trium.

97 1012 130 1060 rr
211 989 334 1055 Eodem
342 998 482 1075 tempore
495 989 637 1056 aPublio
647 988 774 1069 Crasso,
787 1013 882 1076 quem
891 1013 964 1058 cum
978 991 1169 1080 legioneam

147 1085 274 1150 miserat
287 1084 329 1149 ad
338 1083 488 1163 Venetos,
502 1083 661 1165 Venellos,
676 1081 835 1165 Osismos,
851 1085 1076 1167 Coriosolitas,
1094 1086 1168 1155 Esu·

147 1179 231 1259 bios,
257 1177 426 1259 Aulercos,
453 1179 615 1260 Redones,
642 1202 723 1265 quae
746 1191 818 1246 sunt
839 1181 1017 1248 maritimae
1034 1182 1166 1249 civitates

148 1271 375 1360 Oceanumque
392 1275 561 1362 attingrmt,
583 1274 695 1341 certior
711 1273 813 1342 sactus
831 1284 880 1341 est
896 1297 1009 1342 omnes
1027 1297 1086 1343 eas
1103 1275 1167 1342 civi·

147 1377 227 1436 tates
244 1370 278 1434 in
295 1369 450 1436 dicionem
466 1378 715 1456 potestatemque
731 1369 840 1456 populi
856 1368 994 1436 Romani
1016 1392 1092 1437 esse
1108 1369 1166 1437 red

148 1473 243 1530 actas.

96 1575 129 1624 so
211 1557 274 1623 His
292 1557 386 1624 rebus
403 1557 501 1645 gestis
519 1558 604 1624 omni
623 1555 728 1625 Gallia
748 1566 860 1644 pacata
880 1565 968 1623 tanta
984 1556 1086 1624 huius
1103 1555 1166 1625 belli

148 1651 190 1717 ad
206 1651 356 1718 barbaros
374 1653 478 1739 opinio
495 1652 614 1738 perlata
631 1660 688 1730 est,
706 1653 753 1718 uti
770 1651 810 1718 ab
827 1652 866 1716 iis
883 1650 1079 1730 nationibus,
1096 1671 1167 1737 quae

149 1754 233 1812 trans
250 1745 399 1813 Rhenum
415 1746 593 1825 incolerent,
612 1747 807 1811 mitterentur
822 1745 919 1833 legati
935 1745 976 1810 ad
990 1743 1166 1822 Caesarem,

148 1841 202 1926 qui
225 1863 259 1907 se
281 1841 408 1908 obsides
435 1842 575 1920 daturas,
602 1842 753 1928 imperata
778 1840 916 1907 facturas
941 1839 1167 1927 pollicerentm.

147 1958 225 2020 quas
243 1936 414 2023 legationes
430 1935 557 2015 Caesar,
576 1937 661 2021 quod
677 1937 710 2000 in
722 1935 846 2001 Italiam
859 1934 1089 2022 Illyricumque
1104 1956 1168 2022 pro·

146 2028 289 2115 perabat,
316 2030 393 2095 inita
408 2031 553 2117 proxima
569 2039 687 2096 aestate
709 2030 751 2095 ad
768 2053 802 2096 so
823 2029 937 2095 reverti
957 2029 1063 2095 iussit.
1107 2030 1169 2116 ipse

147 2124 182 2188 in
200 2122 369 2202 Carnutes,
395 2125 507 2192 Andes
531 2124 749 2210 Turonesque,
777 2146 857 2209 quae
878 2123 1024 2190 civitates
1046 2124 1170 2211 propin·

148 2239 228 2302 quae
244 2218 294 2285 his
316 2218 393 2286 locis
416 2229 516 2299 erant,
543 2220 598 2287 ubi
619 2219 736 2286 bellum
757 2227 912 2307 gesserat,
938 2217 1122 2305 legionibus
1142 2217 1170 2282 in

147 2312 348 2379 hibernacula
366 2314 507 2380 deductis
525 2315 558 2380 in
574 2313 699 2380 Italiam
715 2313 873 2400 profectus
892 2322 949 2378 est.
995 2311 1037 2378 ob
1056 2332 1171 2397 easque

147 2429 198 2472 res
216 2429 257 2473 ex
272 2407 383 2472 litteris
398 2408 544 2476 Caesaris
563 2408 631 2474 dies
648 2407 826 2491 quindecim
843 2405 1029 2492 supplicatio
1046 2405 1172 2473 demeto

149 2509 206 2579 est,
225 2501 310 2584 quod
328 2510 399 2568 ante
415 2502 449 2566 id
465 2510 590 2588 tempus
609 2503 722 2568 accidit
739 2502 824 2568 nulli.

448 2770 480 2832 o.
502 2770 627 2832 runrr
650 2771 867 2834 ornsrms

298 2896 390 2978 DE
433 2897 668 2979 BELLO
713 2895 1027 2980 GALLIOO

415 3043 710 3096 COMMENTARIUS
733 3043 905 3095 TERTIUS.

555 3184 761 3228 naumurum·

201 3253 225 3310 I.
243 3256 348 3310 Bellum
361 3272 420 3309 orm
431 3254 548 3325 pentibus
556 3255 660 3324 Alpinis
674 3257 794 3307 exeunte
808 3266 883 3305 anno
898 3249 1042 3321 superiore
1052 3256 1172 3321 gestum.

151 3329 264 3385 Servius
275 3331 377 3401 Galba,
387 3328 644 3402 legatusansaris,
654 3335 753 3400 gentes
763 3328 901 3400 quasdam
911 3327 964 3382 sub
970 3327 1093 3396 Alpibus
1104 3327 1171 3383 sitas

150 3408 322 3464 rebellantes
331 3414 360 3463 et
369 3415 463 3464 castra
473 3408 637 3464 obsidentes
647 3407 747 3474 vinoit3
761 3406 791 3460 in
800 3403 973 3475 provinciam
981 3404 1056 3458 redit
1065 3421 1091 3459 o.
1096 3405 1169 3459 1-6.

150 3485 187 3540 11.
192 3486 454 3540 BellumVenetr‘ocm.
468 3483 629 3540 Arnorioas
639 3489 739 3556 gentes
745 3481 851 3538 Caesar
859 3480 968 3554 proelio
974 3481 1070 3536 navali
1077 3482 1171 3536 domat

151 3580 175 3618 o.
185 3562 278 3618 7-16.
298 3561 351 3615 ΠΙ.
364 3563 470 3617 Bellum
483 3564 656 3618 Venellorum.
679 3559 799 3626 Quintus
805 3559 932 3614 Titurius
939 3556 1170 3614 SabinusVenel·

151 3641 195 3694 los
205 3643 321 3710 superat
329 3655 353 3693 o.
363 3639 473 3693 17-19.
509 3639 559 3696 IV.
577 3640 608 3692 P.
620 3640 712 3693 Crassi
723 3639 751 3691 ta
761 3638 929 3708 Aquitaniam
937 3636 1072 3706 expeditio.
1103 3636 1169 3689 Son·

151 3717 236 3772 tiates
251 3733 268 3772 a
282 3715 384 3771 Crasso
398 3714 479 3784 rioti3
498 3716 629 3784 soldurii3
652 3715 771 3771 maxima
783 3731 851 3785 pars
864 3711 1037 3784 Aquitaniae
1050 3711 1080 3766 iu
1095 3711 1168 3766 dedi·

152 3794 256 3848 tionem
266 3792 537 3863 aoooptac20-27.
562 3792 597 3849 V.
606 3793 741 3863 Erpeditio
753 3792 873 3845 Caesaris
881 3792 908 3845 ia
917 3790 1038 3844 Morinos
1046 3798 1070 3844 et
1079 3789 1168 3842 Meso·

148 3872 216 3942 pior,
230 3871 268 3925 ad
277 3887 349 3943 quos
358 3869 503 3942 profectus
513 3868 618 3926 Caesar
627 3870 844 3942 tempestatibus
853 3869 1004 3941 impeditus
1018 3867 1167 3923 exereitum

146 3950 178 4003 1'n
189 3954 282 4003 caena
290 3949 402 4005 reducit
411 3965 434 4004 o
445 3948 557 4004 28-29.

190 4025 365 4084 &arataeo
376 4026 464 4086 tertio
475 4027 644 4102 bellisono,
659 4043 722 4084 an.
731 4025 837 4094 obst,
849 4021 1041 4079 ammaus.
