2414 4336
391 127 510 188 ΟΟΜΜ.
526 129 595 186 mr
612 129 717 188 8-13.
1021 114 1063 184 59

65 280 131 381 Bm
144 259 265 326 itinere
278 254 439 345 congressi
452 276 653 344 magnopere,
670 277 711 321 ne
723 253 851 344 longius
862 253 1067 344 progredere-

65 394 67 399 ·
89 353 255 425 orabant
300 374 373 418 cum
390 350 424 416 id
440 373 504 417 non
520 350 756 438 impetrassent,
774 348 937 437 petebant,
960 350 1006 416 uti
1023 348 1065 416 ad

65 436 245 553 ⁴{equitem
272 447 328 534 qui
344 468 459 535 agmen
476 446 734 526 antecessissent,
760 445 973 533 praemitteret
995 467 1065 514 eos-

65 556 94 633 Ι·
107 566 229 634 pugna
250 541 443 631 prohiberet,
472 540 595 627 sibique
617 541 664 607 uti
685 550 873 630 potestatem
893 541 1012 608 faceret
1031 541 1065 607 in

160 641 284 727 legatos
305 635 463 716 mittendi;
490 656 624 722 quorum
645 635 673 702 si
694 635 851 724 principes
877 657 915 702 ac
937 644 1065 702 senatus

100 732 314 801 'iureiurando
331 729 426 798 fidem
439 729 576 809 fecisset,
596 753 634 797 ea
646 731 838 810 condicione,
856 752 937 816 quae
950 755 970 796 a
984 729 1066 797 Cae

65 834 104 915 {ss
119 829 266 905 ferretur,
286 847 320 893 se
336 848 450 893 usuros
468 825 688 893 ostendebant:
706 826 748 892 ad
764 825 823 892 has
835 848 887 892 res
901 825 1067 892 conficien-

65 916 174 997 i'sibi
192 923 287 989 tridui
305 921 441 1010 spatium
459 922 556 988 daret.
596 922 799 989 haecomnia
817 920 937 989 Caesar
954 922 1066 989 eodem

65 1000 90 1101 Ι,
104 1019 263 1108 pertinere
280 1015 497 1097 arbitrabatur,
515 1026 551 1083 ut
568 1017 663 1084 tridui
678 1039 767 1084 mora
779 1016 962 1105 interposita
980 1015 1067 1102 equi·

65 1108 229 1207 deorum,
257 1111 312 1197 qui
329 1110 490 1191 abessent,
516 1121 759 1192 reverterentur3
785 1121 891 1179 tamen
913 1133 984 1178 sese
1000 1134 1065 1178 non

65 1208 162 1301 pagius
184 1206 311 1274 milibus
332 1229 485 1294 passuum
507 1214 654 1292 quattuor
674 1206 851 1292 aquationis
873 1229 969 1274 causa
993 1228 1066 1293 pro-

219 1324 256 1368 eo
274 1302 325 1368 die
343 1302 435 1368 dixit:
461 1302 524 1368 huc
545 1311 671 1390 postero
694 1302 745 1369 die
762 1325 857 1387 quam
878 1301 1067 1388 frequentis·
1150 1296 1154 1304 ’

85 1396 111 1483 .’
140 1396 355 1476 convenirent,
386 1406 422 1462 ut
447 1398 488 1463 de
519 1419 627 1463 eorum
656 1397 821 1485 postrdatis
852 1404 1065 1485 cognosceret.

65 1558 68 1563 .
118 1493 127 1509 ⁰
179 1492 221 1558 ad
237 1489 428 1579 praefectos,
455 1490 511 1577 qui
533 1512 605 1557 cum
623 1491 709 1557 omni
727 1490 867 1577 equitatu
889 1500 1067 1557 antecesse-

109 1636 119 1667 ,
145 1586 242 1652 mittit
258 1585 313 1671 qui
330 1585 521 1666 nuntiarent,
548 1608 588 1652 ne
611 1585 719 1652 hostes
736 1585 856 1673 proelio
876 1585 1067 1652 lacesserent

96 1682 124 1749 si
140 1681 205 1770 ipsi
215 1680 452 1760 lacesserentur,
471 1681 669 1759 sustinerent,
688 1681 793 1766 quoad
809 1681 878 1768 ipse
892 1702 965 1747 cum
978 1701 1068 1746 exer·

65 1852 67 1857 ,
120 1776 252 1865 propius
274 1776 470 1842 accessisset
515 1784 547 1841 at
572 1774 680 1841 hostes
702 1775 757 1842 ubi
782 1777 919 1863 primum
940 1785 1065 1843 nostros
1084 1794 1117 1845 12

65 1872 159 1950 luites
178 1879 417 1957 conspexerunt,
436 1892 570 1954 quorum
587 1880 654 1937 erat
672 1871 810 1957 quinque
822 1871 944 1937 milium
957 1892 1068 1937 nume-

65 1982 104 2046 Β,
132 1987 207 2032 cum
228 1965 291 2052 ipsi
313 1987 378 2030 non
395 1964 530 2051 amplius
548 1965 744 2052 octingentos
768 1965 888 2051 equites
906 1963 1066 2044 haherent,
1108 1985 1112 1991 ·

65 2061 121 2128 rod
138 2060 176 2140 ii,
195 2060 250 2145 qui
266 2058 478 2125 frumentandi
496 2081 592 2126 causa
609 2059 708 2125 ierant
725 2069 812 2126 trans
829 2059 970 2139 Mosam,
989 2083 1068 2126 non-

65 2175 111 2222 un
134 2153 304 2233 redierant,
330 2152 408 2217 nihil
429 2152 611 2220 timentibus
633 2152 763 2233 nostris,
791 2154 876 2238 quod
896 2153 992 2241 legati
1014 2175 1068 2219 eo-

65 2273 105 2317 m
128 2248 224 2337 paulo
243 2257 315 2314 ante
334 2272 354 2313 a
372 2246 510 2314 Caesare
532 2247 742 2314 discesserant
763 2256 858 2332 atque
879 2249 907 2314 is
930 2249 997 2314 dies
1019 2247 1067 2312 in-

65 2344 134 2410 rtiis
157 2351 224 2408 erat
244 2342 285 2409 ab
307 2341 356 2408 his
378 2343 509 2429 petitus,
536 2341 656 2429 impetu
678 2341 762 2408 facto
785 2340 925 2407 celeriter
941 2350 1065 2409 nostros

65 2436 311 2516 uturbaverunt3
350 2458 459 2502 rursus
493 2435 712 2502 resistentibus
748 2435 973 2503 consuetudine
1008 2459 1067 2503 sua

65 2533 74 2600 l
91 2531 193 2619 pedes
212 2530 416 2610 desiluerunt,
435 2528 593 2598 subfossis
611 2531 700 2616 equis
719 2531 993 2618 compluribusque
1010 2553 1067 2597 no·

65 2627 109 2693 ris
128 2626 257 2692 deiectis
273 2625 411 2711 reliquos
429 2626 462 2690 in
479 2625 591 2714 fugam
609 2626 808 2692 coniecerunt
825 2635 919 2714 atque
935 2627 980 2692 ita
996 2649 1068 2714 per-

65 2721 162 2788 rritos
180 2731 325 2808 egerunt,
352 2730 387 2786 ut
404 2743 469 2786 non
485 2721 572 2808 prius
590 2720 669 2808 fuga
690 2721 892 2802 desisterent,
921 2744 1017 2807 quam
1033 2721 1067 2786 in

65 2823 242 2903 ›nspectum
263 2815 398 2903 agminis
419 2816 519 2882 nostri
540 2817 710 2883 venissent.
759 2817 795 2882 in
819 2839 857 2883 eo
882 2815 1000 2905 proelio
1026 2839 1067 2882 ex
1085 2838 1117 2888 13

65 2909 196 2996 quitibus
213 2911 327 2977 nostris
345 2910 572 2977 interficiuntur
589 2920 737 2996 quattuor
755 2921 786 2978 et
804 2913 1016 3001 septuaginta,
1034 2912 1068 2977 in

65 3029 86 3073 s
109 3005 160 3072 vir
179 3004 383 3085 fortissimus,
410 3004 487 3072 Piso
509 3005 705 3091 Aquitanas,
732 3008 926 3095 amplissimo
951 3029 1067 3095 genere

65 3108 146 3179 atus,
170 3100 260 3167 cuius
278 3122 356 3166 avus
374 3100 408 3165 in
426 3099 552 3166 civitate
570 3123 629 3167 sua
644 3123 778 3189 regnum
797 3101 972 3168 obtinuerat
990 3101 1068 3167 ami-

65 3217 94 3262 rs
117 3193 158 3261 ab
187 3203 298 3260 senatu
322 3204 429 3260 nostro
455 3193 640 3281 appellatus.
685 3195 736 3261 hic
763 3218 834 3262 cum
860 3195 948 3261 fratri
973 3196 1067 3261 inter-

65 3311 126 3356 uso
141 3287 181 3355 ab
194 3287 338 3356 hostibus
353 3289 505 3355 auxilium
518 3288 622 3368 ferret,
640 3289 729 3355 illum
739 3312 779 3354 ex
787 3288 926 3378 periculo
940 3289 1066 3377 eripuitr

65 3406 105 3450 se
124 3405 205 3469 equo
223 3384 384 3452 vulnerato
403 3385 557 3463 deiectus,
576 3385 681 3470 quoad
697 3385 812 3471 potuit,
831 3382 1001 3451 fortissime
1018 3407 1068 3452 re-

65 3478 130 3544 itit:
157 3500 231 3544 cum
249 3478 480 3545 circumventus
502 3477 609 3545 multis
632 3477 813 3544 vulneribus
831 3479 967 3568 acceptis
986 3479 1067 3547 ceci·

65 3581 151 3652 sset,
171 3581 264 3658 atque
281 3573 315 3639 id
331 3573 441 3653 frater,
460 3573 515 3659 qui
530 3573 595 3638 iam
611 3571 729 3659 proelio
748 3585 938 3655 excesserat,
956 3574 1066 3663 procul

65 3667 324 3747 rimadvertisset,
350 3668 581 3752 incitataeque
610 3689 644 3733 se
669 3667 813 3735 hostibus
839 3669 950 3736 obtulit
972 3679 1066 3756 atque

65 3762 220 3829 terfectus
238 3770 296 3828 est.
339 3761 401 3829 hcc
422 3760 506 3829 facto
527 3761 646 3848 proelio
665 3760 785 3830 Caesar
805 3786 907 3849 neque
924 3765 988 3830 iam
1005 3762 1084 3831 sibi«

65 3866 159 3946 gatos
176 3857 350 3925 audiendos
372 3879 475 3944 neque
497 3855 696 3924 condiciones
719 3858 918 3948 accipiendas
936 3858 1066 3926 arbitra·

65 3961 129 4019 atur
146 3951 186 4021 ab
203 3953 251 4033 iis,
271 3953 326 4043 qui
340 3975 399 4044 per
411 3954 519 4023 dolum
532 3963 625 4042 atque
638 3955 768 4026 insidias
781 3956 879 4045 petita
891 3978 970 4045 pace
982 3957 1065 4026 ultro
