2414 4336
383 128 502 188 coum
519 130 570 188 Vl.
586 129 707 186 25-30.
993 115 1055 185 107

63 276 136 343 ‚nge
156 254 271 324 labore
288 255 402 321 durant
418 254 559 320 homines
577 252 792 320 adulescentes
810 261 904 338 atquc
924 253 985 321 huc
1002 276 1059 342 ge-

61 366 101 435 ᾖ
111 350 299 417 venationis
318 357 476 428 exercent,
503 358 535 414 et
556 348 612 435 qui
632 348 784 435 plurimos
806 371 847 414 ex
862 347 912 414 his
929 349 1057 416 interfe-

61 453 145 527 qut,
167 445 276 510 relatis
293 444 327 508 in
342 442 504 530 publicum
521 441 677 522 cornibus,
696 464 777 527 quae
795 443 857 509 sint
870 443 1057 524 testimonio,

61 542 180 635 fissam
203 539 308 604 ferunt
328 538 464 603 laudem.
508 538 565 604 sed
591 559 771 604 assuescere
797 536 838 602 ad
863 536 1005 604 homines
1026 548 1059 604 et

61 633 233 711 mederi
249 655 290 698 ne
306 632 428 719 parvuli
442 631 568 718 quidem
581 632 705 719 excepti
716 641 858 719 possunt
885 632 1057 719 amplitudo

61 748 185 793 nuum
209 737 240 792 et
261 727 362 813 figura
384 734 415 792 et
432 725 553 813 species
576 725 709 792 multum
731 735 945 793 anostrorum
961 725 1058 794 boum

61 810 180 905 isium
209 820 320 886 differt
364 819 443 887 haec
465 821 605 887 studiose
627 820 801 906 conquisita
826 820 866 887 ab
890 820 986 887 labris
1008 844 1059 888 ar-

61 908 126 997 ¹§ho
145 915 395 982 circumcludunt
412 923 505 1000 atque
517 914 552 980 in
564 915 765 1002 amplissimis
779 915 879 1001 epulis
891 937 949 1002 pro
962 937 1059 1001 pocu-
1108 990 1110 997 s

61 1018 232 1079 uniuntur.

61 1101 235 1191 pecasset,
261 1112 428 1190 postquam
453 1125 511 1190 per
537 1102 640 1170 Ubios
667 1102 877 1189 exploratores
909 1104 1108 1192 comperitur

61 1195 164 1289 §ehoe
183 1219 252 1265 sese
269 1197 302 1263 in
320 1197 415 1264 silvas
432 1197 598 1284 recepisse,
615 1197 753 1283 inopiam
770 1196 918 1263 frumenti
930 1198 1059 1276 veritus,

125 1339 135 1371 ,
153 1300 300 1377 utsupra
317 1291 613 1370 demonstravimus,
636 1290 764 1357 minime
782 1313 889 1357 omnes
909 1289 1061 1359 Germani

88 1374 244 1452 ¹‘culturae
261 1385 395 1465 student,
414 1385 574 1452 constituit
590 1408 654 1451 non
670 1385 817 1472 progredi
832 1385 973 1473 longius3
992 1386 1059 1466 sed,

92 1477 220 1545 ¹omnino
240 1489 360 1546 metum
381 1479 499 1546 reditus
522 1479 572 1545 sui
589 1478 730 1546 barbaris
752 1479 887 1558 tolleret,
914 1488 1007 1564 atque
1024 1490 1060 1546 nt

161 1572 278 1639 auxilia
295 1573 443 1652 tardaret,
469 1573 599 1639 reducto
622 1573 760 1638 exercitu
776 1582 897 1659 partem
918 1573 1061 1640 ultimam

115 1668 123 1684 ’
143 1715 155 1747 ,
173 1690 254 1752 quae
270 1668 355 1754 ripas
373 1667 531 1735 Ubiorum
548 1667 762 1756 contingebat,
783 1668 818 1733 in
833 1668 1062 1756 longitudinem

158 1760 236 1829 ,00
252 1762 414 1842 rescindit,
441 1771 534 1847 atque
555 1761 590 1826 in
611 1772 750 1829 extremo
771 1772 866 1849 ponte
888 1764 997 1830 turrim
1014 1773 1062 1830 tn·

61 1848 215 1929 kletorum
241 1866 386 1942 quattuor
417 1857 578 1923 coustituit
606 1857 859 1943 praesidiumque
885 1858 1060 1925 cohortium

61 1934 203 2017 llodecim
219 1951 324 2037 pontis
341 1951 448 2017 tuendi
466 1972 561 2016 causa
573 1951 662 2037 ponit
673 1952 858 2038 magnisque
872 1974 944 2017 eum
956 1952 1061 2018 locum

61 2044 261 2111 runiuonibus
279 2044 391 2110 firmat
435 2045 464 2110 ei
485 2043 555 2111 loco
576 2045 794 2130 praesidioque
813 2042 929 2111 Gaium
945 2045 1061 2112 Volca-

61 2148 115 2203 um
124 2137 253 2203 Tullum
262 2136 493 2204 adulescentem
500 2138 659 2224 praefecit,
677 2139 755 2224 ipse,
770 2160 843 2204 cum
851 2148 1060 2206 maturescere

61 2241 194 2297 umenta
208 2230 390 2318 inciperent,
409 2232 450 2298 ad
466 2231 585 2298 bellum
600 2231 796 2319 Ambiorigis
813 2232 987 2319 profectus,
1005 2255 1062 2319 per
1109 2310 1112 2314 Δ

61 2325 243 2392 rduennam
261 2326 382 2404 silvam,
401 2347 482 2410 quae
500 2335 548 2392 est
565 2325 659 2393 totius
675 2323 797 2392 Galliac
813 2327 951 2392 maxima
967 2335 1062 2411 atque

61 2415 78 2486 b
96 2419 173 2507 ripis
190 2419 295 2486 Rheni
311 2419 489 2505 finibusque
502 2420 710 2487 'lheverorum
727 2421 768 2486 ad
779 2420 911 2487 Nervios
927 2421 1062 2507 pertinet

61 2513 226 2599 rilibusque
243 2515 377 2601 amplius
395 2515 574 2603 quingentis
592 2515 625 2580 in
642 2514 869 2602 longitudinem
880 2523 975 2601 patet,
992 2515 1063 2581 Ln-

61 2606 121 2674 ium
137 2607 315 2675 Minucium
327 2608 471 2674 Basilum
489 2631 561 2675 eum
578 2609 663 2675 omni
681 2609 821 2694 equitatu
836 2609 1015 2696 praemittit,
1034 2609 1063 2676 si

61 2703 115 2768 uid
136 2704 294 2771 celeritate
315 2705 434 2771 itineris
457 2714 551 2790 atque
573 2706 802 2792 opportunitate
825 2706 973 2792 temporis
989 2728 1062 2792 prc-

61 2819 130 2863 cere
147 2798 262 2884 possit3
280 2811 395 2877 monet,
413 2807 449 2864 ut
464 2799 555 2886 ignes
573 2798 640 2865 fieri
657 2799 691 2865 in
708 2800 818 2865 castris
831 2799 1004 2887 prohibeat,
1021 2821 1063 2866 ne

61 2914 101 2958 ua
117 2892 186 2958 eius
204 2893 357 2958 adventus
375 2893 484 2978 procul
506 2893 692 2980 significatio
713 2895 782 2960 fiat:
805 2917 875 2960 sese
897 2894 1064 2962 confestim

61 2984 190 3071 rbseqni
207 2986 290 3052 dicit.
317 2985 455 3065 Basilus,
475 2995 509 3051 ut
526 2986 713 3072 imperatum
730 2999 788 3067 est,
806 2988 891 3054 facit.
923 2988 1063 3054 celeriter
1080 3005 1112 3056 eo

61 3088 208 3164 onhaqm
234 3081 373 3146 omnium
399 3080 577 3166 opinionem
598 3081 741 3149 confecto
762 3082 871 3146 itinere
892 3080 1007 3146 multos
1028 3081 1063 3148 in

61 3174 123 3261 gris
148 3174 345 3261 inopinantes
373 3175 589 3261 deprehendit:
616 3197 724 3241 eorum
750 3175 865 3240 indicio
892 3174 1063 3259 adipsum

61 3267 258 3355 nnbicrigem
276 3269 448 3348 contendit,
472 3292 534 3355 quo
551 3269 585 3335 in
601 3269 670 3336 loco
689 3291 761 3335 cum
777 3268 886 3355 paucis
904 3267 1061 3352 equitibus

61 3384 110 3427 sae
132 3360 301 3428 dicebatur.
346 3361 479 3429 multum
500 3385 573 3429 cum
589 3363 623 3428 in
641 3361 785 3428 omnibus
807 3360 917 3440 rebus,
939 3371 1008 3440 tum
1028 3363 1063 3429 in

61 3456 216 3524 emilitari
232 3466 337 3545 potest
353 3458 486 3525 senuna
522 3482 596 3524 nam
614 3458 695 3524 sicut
712 3478 828 3543 magno
845 3456 958 3523 accidit
975 3478 1061 3536 casu,

61 3559 73 3615 t
93 3550 130 3615 in
149 3550 256 3637 ipsum
276 3552 436 3617 incautum
457 3561 551 3637 atque
572 3551 666 3616 etiam
691 3551 878 3636 imparatum
903 3551 1061 3630 incideret,

61 3645 189 3729 riusque
207 3645 274 3711 eius
291 3646 444 3716 adventus
462 3645 502 3712 ab
520 3643 664 3711 omnibus
682 3645 847 3725 videretur,
866 3667 960 3729 quam
976 3643 1064 3710 fama

61 3760 76 3804 c
97 3739 217 3805 nuntiis
238 3739 414 3819 afferretur,
438 3741 484 3806 sic
506 3760 642 3826 magnae
658 3738 720 3805 fuit
736 3739 879 3805 fortunae
902 3737 988 3804 omni
1003 3736 1064 3803 mi·

61 3832 121 3898 tari
137 3833 358 3912 instrumento,
381 3834 467 3919 quod
483 3834 600 3900 aucum
618 3853 653 3898 se
670 3832 819 3912 habebat,
838 3841 962 3918 erepto,
978 3830 1063 3898 redis

61 3926 192 4013 quisque
209 3927 442 4015 comprehensis
458 3927 564 4015 ipsum
582 3925 721 4013 effugere
743 3935 900 4025 mortem
929 3926 986 3996 sed
1001 3925 1066 4000 hoo.
