2414 4336
151 150 213 218 132
468 160 521 219 ΒΕ
538 160 667 218 BELLO
686 158 855 220 (amco

149 287 201 354 tali
228 295 368 373 tempore
393 286 434 351 ad
456 285 667 353 contrahenda
688 294 804 364 castra,
831 283 921 371 quod
940 304 993 351 res
1021 279 1098 343 .μρ
1131 334 1189 354 ,-

148 380 304 448 celeritate
321 379 500 460 videbatur3
527 379 643 448 Gaium
660 377 796 446 Fabium
819 380 963 467 legatum
984 400 1054 446 cum
1094 393 1095 400 ’
1123 362 1207 452 Ε

147 475 240 542 subus
258 474 381 541 ombus
400 476 510 542 esses
527 473 684 562 praestus
704 473 860 558 relinquit.
906 470 1020 541 ease
1064 474 1082 519 τ
1124 457 1207 543 Β

148 592 221 636 oum
238 569 459 656 comprehendi
476 568 633 648 iussisset,
660 567 755 656 paulo
776 575 850 634 ante
870 567 990 654 reperit
1009 567 1049 634 ad
1069 600 1088 624 a
1126 551 1207 643 Ξ

148 664 279 753 fugisse.
306 663 488 729 adhortatus
505 662 629 740 milites,
647 684 687 729 ne
705 660 885 729 necessario
898 671 1038 750 tempore
1053 661 1100 717 'i‘
1155 711 1157 714 -
1176 713 1207 722 -.

147 760 255 827 labore
280 767 534 845 permoveantur,
570 756 782 844 cupidissimis
814 755 963 824 omnibus
999 788 1005 815 ·
1032 788 1058 837 ·;
1081 761 1108 830 ιζ
1133 807 1134 810 ,

148 854 234 920 milia
250 874 403 940 passuum
419 851 535 933 XXV,
553 875 668 940 agmen
680 852 889 919 Haeduorum
902 853 1094 940 conspicatae

148 949 246 1015 misso
264 947 404 1034 equitatu
425 948 485 1013 iter
501 969 609 1014 eorum
626 956 766 1013 moratur
787 956 881 1032 atque
899 947 1032 1034 impedit
1065 981 1068 1004 ι
1082 982 1096 1001 ι.

149 1043 252 1128 aitque
269 1041 425 1120 omnibus,
443 1063 483 1106 ne
500 1063 690 1127 quemquam
703 1039 898 1107 interficiant.
924 1039 1104 1127 ΙὲῖροικθᾱοιῚΑ

149 1147 181 1203 et
197 1136 443 1215 Vnidomarum,
470 1158 550 1222 quos
567 1137 613 1202 illi
629 1136 809 1203 interfectos
832 1136 1068 1219 existimabant,
1089 1138 1107 1193 ἠ
1182 1125 1207 1183 ¹

149 1232 269 1318 equites
296 1232 414 1298 versari
436 1254 573 1317 suosque
595 1232 752 1318 appellare
774 1231 869 1298 iubet.
914 1231 967 1298 his
990 1254 1043 1313 cog
1057 1266 1113 1323 '¹.·
1175 1187 1207 1375 Ξ

148 1325 286 1392 Litavici
302 1325 413 1391 fraude
431 1336 597 1412 perspecta
613 1325 742 1392 Haedui
758 1348 870 1392 manus
888 1327 1028 1407 tendere,
1046 1327 1077 1393 d*
1088 1335 1109 1383 a*
1173 1381 1203 1403 .,

149 1441 222 1485 nem
240 1418 416 1506 significare
438 1428 469 1485 et
485 1420 631 1506 proiectis
653 1421 749 1486 armis
766 1430 900 1487 mortem
921 1420 1103 1508 deprecari
1129 1415 1131 1430 ¹
1160 1410 1207 1561 fl

148 1515 248 1600 piunt
274 1513 440 1579 Litavicus
459 1518 531 1579 oum
549 1512 615 1579 suis
633 1511 810 1592 clientibus,
828 1512 944 1599 quibus
963 1537 1051 1583 more
1119 1528 1120 1536 ’
1173 1574 1194 1590 Α

149 1631 220 1675 rum
231 1607 321 1674 nefas
335 1616 384 1673 est
396 1606 491 1673 etiam
507 1607 542 1672 in
558 1616 699 1674 extrema
713 1607 840 1674 fortuna
856 1608 1003 1675 deserere
1028 1640 1051 1667 υ
1067 1642 1074 1665 ι
1091 1640 1110 1666 ιῚ
1150 1595 1207 2044 j

1194 1105 1207 1120 Ε

97 1722 131 1773 41
152 1699 344 1789 Gergoviam
364 1702 514 1789 profugit.
559 1700 680 1769 Caesar
704 1703 822 1768 nuntiis
844 1702 887 1769 ad
908 1702 1068 1771 civitatem
1097 1710 1114 1761 ἓῚ

150 1797 283 1861 duorum
308 1795 429 1875 missis,
457 1796 512 1881 qui
538 1818 595 1863 suo
623 1796 773 1863 beneficio
796 1806 999 1865 conservatos
1020 1799 1114 1864 cluss:

150 1911 230 1976 quos
247 1889 313 1954 iure
330 1888 405 1956 belli
421 1889 594 1957 interficere
610 1892 774 1978 potuisset,
792 1891 956 1977 tribusque
973 1892 1059 1960 horis
1074 1915 1116 1958 na

151 1983 299 2050 exercitui
324 1984 365 2049 ad
392 1984 530 2068 quietem
556 1986 636 2053 datis
663 1995 766 2052 castra
787 1987 829 2052 ad
854 1982 1049 2075 Gergoviam
1076 2014 1110 2045 of
1206 2032 1207 2038 κ

150 2079 254 2146 medio
271 2078 337 2145 fere
353 2078 463 2145 itinere
481 2081 601 2165 equites
624 2079 664 2148 ab
682 2081 783 2148 Fabio
807 2081 911 2160 missi,
936 2091 1056 2166 quanto
1074 2103 1116 2148 res
1130 2092 1134 2103 ”
1155 2046 1207 2147 Ε

149 2172 288 2260 periculo
300 2173 404 2252 fuerit,
423 2183 593 2260 exponunt.
621 2176 752 2242 summis
766 2173 863 2261 copiis
879 2183 984 2242 castra
996 2197 1053 2262 op
1066 2204 1071 2233 ι
1083 2207 1093 2257 3
1105 2209 1114 2231 n
1133 2191 1135 2199 ⁴
1159 2141 1207 2226 ‘⁴

151 2270 378 2346 demonstrant,
401 2289 474 2333 cum
491 2266 601 2335 crebro
617 2269 732 2357 integri
749 2268 883 2335 defessis
901 2270 1101 2336 succederent
1119 2303 1128 2325 t
1162 2234 1207 2320 .-

152 2372 295 2448 strosque
312 2361 439 2428 assiduo
457 2361 564 2429 labore
581 2364 803 2452 defatigarent,
825 2362 941 2448 quibus
963 2375 1089 2451 propter
1112 2396 1129 2419 e
1169 2328 1207 2454 τ

151 2457 347 2545 gnitudinem
365 2466 537 2523 castrorum
555 2468 705 2545 perpetuo
723 2466 807 2523 esset
823 2457 936 2523 iisdem
958 2458 993 2523 in
1008 2459 1089 2524 vallo
1103 2478 1155 2545 per·
1188 2459 1207 2476 ⁴

151 2551 350 2618 manendum.
394 2550 593 2617 multitudine
620 2553 805 2640 sagittarum
831 2561 926 2637 atque
951 2553 1039 2619 omni
1063 2574 1151 2642 gens
1193 2518 1207 2616 l

151 2644 284 2711 telorum
308 2642 424 2710 multos
451 2645 645 2725 vulneratum
676 2647 717 2712 ad
742 2646 821 2711 haec
852 2646 1038 2713 sustinenda
1062 2671 1137 2726 mn·
1158 2699 1165 2718 .

151 2739 224 2805 usui
240 2737 340 2804 fuisse
357 2747 519 2804 tormenta.
550 2739 685 2806 Fabium
703 2739 845 2807 discessu
863 2763 972 2807 eorum
989 2741 1109 2808 duabus
1141 2772 1146 2795 1-

150 2831 232 2897 lictis
254 2831 351 2917 portis
373 2830 534 2898 obstruere
557 2842 675 2899 ceteras
697 2833 883 2920 pluteosque
904 2835 989 2903 vallo
1009 2836 1162 2902 addensat

152 2946 187 2992 se
203 2924 236 2990 in
254 2935 413 3011 posterum
431 2925 514 2991 diem
532 2926 666 2992 similem
683 2929 725 2994 ad
742 2950 851 2995 casum
868 2951 988 3016 parare.
1019 2930 1071 2997 bis
1082 2929 1163 2996 rebus

152 3019 285 3108 cognitis
308 3017 428 3086 Caesar
449 3042 572 3087 summo
595 3021 698 3087 studio
724 3023 856 3088 militum
879 3032 951 3088 ante
972 3033 1077 3090 ortum
1102 3023 1166 3092 solis

151 3115 185 3180 in
203 3123 306 3181 castra
321 3114 472 3201 pervenit.

101 3230 135 3279 42
215 3208 305 3276 Dum
331 3209 410 3275 haee
436 3210 477 3275 ad
505 3206 698 3298 Gergoviam
723 3225 887 3299 geruntur,
913 3211 1045 3279 Haedui
1071 3212 1193 3300 primis,

152 3305 268 3370 nuntiis
285 3303 326 3372 ab
338 3304 485 3371 Litavioo
503 3305 639 3392 acceptis
656 3305 778 3371 nullum
797 3305 857 3372 sibi
869 3306 910 3371 ad
923 3309 1171 3394 cognoscendum

153 3399 288 3486 spatium
305 3399 491 3485 relinquunt.
518 3399 650 3487 impellit
667 3400 746 3468 alios
764 3399 902 3480 auaritia,
920 3401 1000 3468 alios
1017 3401 1172 3470 iracundie
1194 3394 1197 3401 ’

153 3505 184 3561 et
201 3493 368 3573 temeritas,
387 3517 468 3581 quae
485 3495 622 3562 maxime
638 3495 684 3560 illi
700 3495 864 3562 hominum
876 3496 986 3583 generi
998 3506 1050 3563 est
1064 3498 1172 3576 innata,

153 3598 188 3655 ut
200 3588 302 3656 levem
314 3590 504 3657 auditionem
517 3588 654 3657 habeant
666 3613 723 3678 pro
736 3613 770 3657 re
779 3600 946 3678 comperta.
969 3590 1057 3658 bona
1066 3591 1173 3659 civium

152 3684 365 3752 Romanorum
374 3684 530 3772 diripiunt,
549 3686 660 3752 caedes
670 3685 798 3763 faciunt,
816 3687 850 3751 in
863 3686 1046 3753 servitutem
1060 3687 1173 3756 abstra·

153 3779 240 3845 hunt
266 3778 394 3845 adiuvat
410 3801 477 3845 rem
493 3779 697 3865 proclinatam
716 3777 973 3847 Convictolitavis
991 3779 1174 3868 plebemque

153 3872 194 3937 ad
211 3872 348 3940 furorem
365 3874 505 3961 impellit,
523 3883 559 3940 ut
576 3874 714 3940 facinore
732 3873 870 3941 admisso
888 3876 929 3942 ad
947 3877 1116 3944 sanitatem
1132 3898 1174 3942 re

153 3969 230 4036 uerti
243 3969 372 4060 pudeat.
418 3967 567 4037 Marcum
584 3966 757 4048 Aristium,
776 3968 940 4035 munerum
952 3970 1107 4047 multtum,
1122 3970 1174 4035 iter
