2414 4336
152 213 213 280 82Δ
470 225 523 281 DE
540 224 668 280 BELLO
688 221 857 280 GALLICO

152 353 218 419 suis
242 350 379 440 pendere
404 360 600 429 consuesset,
628 347 774 433 quodque
800 343 885 413 ei'et
907 344 993 413 filius
1019 348 1087 414 etln

151 447 234 512 lilius
251 445 291 512 ab
311 443 447 512 Caesare
457 444 587 527 remissi
604 451 724 520 essent,
751 463 831 527 quos
849 441 1016 508 Aduatuci
1031 442 1087 509 obsi

150 562 280 607 numero
297 541 412 606 missos
429 539 515 627 apud
532 561 566 604 se
583 537 616 602 in
635 537 782 602 servitute
800 546 832 601 et
849 537 972 603 eatenis
990 539 1087 603 tenuis

149 656 252 720 neque
272 634 318 713 id,
345 633 430 719 quod
451 633 561 699 fecerit
581 632 622 696 de
647 631 880 716 oppugnatione
908 639 1086 711 castrorum,

150 729 266 796 iudicio
283 737 337 793 aut
354 727 512 792 voluntate
526 749 584 792 sua
600 725 724 803 fecisse,
745 723 801 789 sed
815 733 928 789 coactu
941 725 1079 804 civitatis,

151 845 212 910 que
230 845 300 889 esse
317 821 471 887 eiusmodi
487 821 628 907 imperia,
646 828 764 884 utnon
780 820 885 886 minus
904 819 1037 886 haberet
1050 820 1087 886 itu

152 940 187 984 se
203 916 382 994 multitudo,
408 937 504 999 quam
521 915 640 1001 ipsein
661 913 904 979 multitudinem.
951 916 1087 1000 civitatip

150 1011 232 1076 hanc
248 1009 348 1074 fuisse
365 1009 438 1075 belli
456 1031 598 1087 oausam,
617 1008 703 1093 quod
719 1009 901 1094 repentinae
920 1006 1080 1075 Gallorum

150 1105 295 1170 iurationi
311 1104 456 1169 resistere
473 1127 536 1169 non
552 1103 697 1190 potuerit
728 1101 762 1166 id
780 1125 815 1167 se
831 1102 927 1168 facile
945 1125 990 1169 ex
1005 1101 1087 1168 humil

152 1223 211 1265 sua
226 1197 358 1285 probare
375 1220 478 1284 posse,
497 1198 583 1282 quod
599 1220 663 1262 non
681 1197 760 1263 adeo
778 1198 819 1262 sit
831 1197 999 1284 imperitus
1012 1221 1087 1264 rerun

152 1295 217 1361 suis
244 1293 341 1379 copiis
366 1292 518 1378 populum
538 1291 718 1356 Romanum
745 1314 779 1357 se
806 1313 956 1377 superare
983 1315 1072 1379 posse

150 1390 236 1457 fidat.
280 1389 424 1454 sedasse
443 1383 565 1454 Galliae
582 1408 747 1453 commune
765 1387 947 1452 eonsilium:
968 1388 1087 1454 omnibu

150 1483 255 1551 bernis
275 1480 420 1547 Caesaris
439 1481 658 1567 oppugnandis
676 1481 761 1546 hunc
778 1503 848 1547 esse
870 1481 994 1547 dictum
1014 1483 1087 1548 dien

151 1600 214 1662 qua
230 1576 313 1662 legio
330 1576 445 1641 alterae
462 1576 579 1662 legioni
597 1575 738 1641 subsidio
760 1577 867 1641 venire
884 1588 1006 1663 posset.
1047 1599 1087 1643 nor

152 1672 210 1737 cile
229 1669 338 1737 Gallos
358 1668 458 1737 Gallis
476 1693 592 1758 negare
609 1672 759 1757 potuisse,
777 1673 965 1757 praesertim
981 1694 1051 1738 eum
1066 1671 1087 1736 d

152 1765 329 1852 superanda
350 1766 508 1830 communi
529 1766 670 1832 libertate
693 1766 857 1831 consilium
873 1767 990 1832 initum
1009 1766 1087 1832 viden

151 1859 266 1945 quibus
288 1861 436 1944 quoniam
457 1882 515 1945 pro
536 1862 652 1946 pietate
674 1858 874 1938 satisfecerit,
902 1859 1019 1927 habere
1038 1881 1087 1925 nun

150 1954 302 2020 rationem
332 1953 428 2019 officii
452 1976 510 2040 pro
535 1953 694 2019 beneficiis
722 1952 883 2020 Caesaris:
914 1974 1087 2033 monere,o

152 2048 308 2114 Titurium
323 2070 381 2135 pro
398 2048 544 2134 hospitio,
562 2058 598 2112 ut
616 2070 691 2113 suae
709 2070 746 2114 ao
763 2048 898 2114 militum
917 2049 1011 2116 saluti
1022 2070 1087 2115 cons

150 2166 299 2230 magnam
315 2166 444 2208 manum
462 2141 693 2227 Germanorum
708 2143 895 2208 conductam
912 2143 1087 2210 Rhenumtr

151 2238 229 2316 isse3
246 2238 328 2302 hanc
345 2237 453 2303 adfore
469 2236 576 2303 biduo.
602 2237 743 2323 ipsorum
760 2259 831 2302 esse
844 2238 1019 2317 consilium,
1035 2236 1087 2303 veli

150 2332 252 2418 prius,
276 2353 371 2416 quam
387 2331 511 2397 finitimi
529 2331 676 2408 sentiant,
700 2330 828 2396 eductos
847 2353 888 2397 ex
904 2330 1040 2398 hibernis
1055 2329 1087 2394 mi

152 2433 206 2490 aut
230 2424 271 2489 ad
294 2423 478 2491 Ciceronem
504 2434 558 2490 aut
584 2424 625 2489 ad
646 2423 825 2489 Labienum
847 2424 1014 2505 deducere,
1039 2444 1087 2510 quo

151 2519 230 2584 alter
245 2517 332 2583 milia
347 2541 499 2604 passuum
516 2519 637 2585 circiter
655 2519 889 2606 quinquaginta,
908 2519 986 2584 alter
997 2518 1081 2606 paulo

151 2612 233 2698 plius
255 2611 295 2677 ab
317 2611 367 2677 his
389 2613 479 2679 absit.
523 2613 601 2678 illud
623 2636 657 2678 se
674 2613 815 2701 polliceri
832 2623 863 2678 et
883 2614 1075 2680 iureiurando

151 2706 274 2772 firmare
299 2715 402 2771 tutum
426 2707 485 2770 iter
509 2728 565 2793 per
592 2706 671 2773 fines
699 2730 772 2773 suos
796 2708 951 2773 daturum
995 2707 1075 2794 quod

151 2799 256 2879 faeiat,
274 2809 306 2865 et
323 2799 440 2864 civitati
457 2821 527 2865 sese
545 2800 714 2879 consulere,
733 2802 817 2885 quod
834 2802 973 2891 hibernis
990 2802 1087 2868 levetu

153 2892 283 2961 Caesari
303 2915 360 2979 pro
386 2894 453 2958 eius
476 2894 594 2959 meritis
621 2895 754 2980 gratiam
779 2896 906 2962 referre.
950 2898 1010 2963 hac
1036 2919 1087 2962 ora

102 3009 134 3059 28
151 2987 258 3055 habita
275 2987 406 3052 discedit
422 2987 600 3054 Ambiorix.
631 2988 802 3075 Arpineius
821 2999 853 3054 et
869 2991 995 3070 Iunius,
1019 3011 1087 3076 quas

152 3083 284 3161 dierunt,
302 3083 343 3147 ad
360 3082 480 3169 legatos
499 3083 652 3148 deferunt.
696 3083 742 3148 illi
758 3084 922 3170 repentina
938 3107 973 3150 re
989 3094 1087 3171 pertur

151 3178 210 3243 etsi
227 3176 267 3243 ab
284 3177 374 3243 hoste
392 3201 430 3243 ea
447 3178 637 3258 dicebantur,
656 3187 761 3244 tamen
777 3202 841 3244 non
853 3180 1087 3268 neglegendae

150 3271 292 3350 mabant,
314 3272 511 3358 maximeque
528 3272 589 3338 hac
609 3295 643 3338 re
664 3272 939 3360 permovebantur,
963 3275 1050 3359 quod
1066 3275 1087 3339 cl

151 3375 215 3431 tem
231 3365 402 3451 ignobilem
419 3377 512 3452 atque
533 3366 684 3432 humilem
701 3366 887 3432 Eburonum
909 3391 969 3434 sua
990 3377 1087 3456 spent

151 3459 226 3546 pulo
247 3459 391 3526 Romano
413 3462 529 3528 bellum
550 3461 654 3526 faeere
675 3484 785 3528 ausam
806 3463 860 3526 vix
881 3471 948 3526 erat
974 3464 1087 3529 creden

152 3553 256 3637 itaque
274 3553 315 3617 ad
333 3556 495 3620 eonsilium
513 3576 580 3621 rem
597 3554 741 3620 deferunt
757 3577 935 3642 magnaque
952 3555 1087 3622 intereo

153 3647 234 3713 sistit
260 3650 478 3714 controversia.
526 3649 648 3715 Lucius
674 3648 908 3714 Aurunculeius
934 3652 1087 3737 eomplrus

152 3741 268 3809 tribuni
284 3741 417 3807 militum
435 3753 465 3807 et
481 3744 651 3829 primorum
668 3744 811 3807 ordinum
825 3744 1024 3811 centuriones
1037 3745 1087 3810 nih

151 3858 237 3904 mere
254 3837 420 3924 agendum,
437 3859 538 3922 noque
556 3859 596 3904 ex
613 3836 750 3903 hibernis
768 3838 890 3903 iniussu
909 3835 1059 3904 Caesaris
1076 3839 1087 3903 ‹'

153 3931 304 4011 dendum,
331 3931 562 3998 existimabant:
590 3932 770 4016 quantasvis
794 3933 900 4018 copias
922 3934 1021 3998 etiam
1044 3930 1087 4000 G<

152 4048 264 4093 norum
277 4027 423 4094 sustineri
434 4048 528 4114 posse
540 4027 668 4095 munitis
681 4026 818 4095 hibernis
831 4026 1001 4094 docebant:
1019 4049 1087 4095 rem
