2528 4336
415 252 533 310 oouu.
551 253 576 310 1.
593 253 692 310 6-10.
1045 235 1067 310 5

10 367 101 448 :fate
131 403 191 467 per
218 377 411 467 provinciam
444 376 564 444 itineris
595 378 735 445 faciundi
769 386 995 465 temperaturos
1024 377 1066 447 ab

10 486 16 524 ³
39 475 154 542 iniuria
170 483 201 539 et
217 472 371 540 maleficio
389 471 597 538 existimabat
633 482 747 551 tamen,
765 483 801 538 ut
819 473 955 559 spatium
971 474 1068 542 inter·

10 579 16 616 ἐ
40 570 153 636 cedere
172 577 294 655 posset,
317 566 393 633 dum
414 567 544 646 milites,
572 589 651 652 quos
677 569 898 653 imperaverat,
920 568 1067 634 conveni·

10 674 15 714 1
40 674 124 742 rent,
140 662 251 752 legatis
268 661 431 748 respondit
448 662 532 727 diem
551 684 585 728 se
602 662 644 728 ad
665 662 900 729 deliberandum
922 671 1066 749 sumptu-

10 768 124 824 irumz
156 758 184 823 si
210 757 288 843 quid
314 756 443 835 vellent,
470 757 512 821 ad
537 756 616 822 Idus
637 755 717 843 Apr.
740 766 977 823 reverterentur.
1018 756 1098 822 in-tt

10 866 16 903 ³
41 863 125 919 terea
154 873 194 918 ea
222 850 362 939 legione,
393 873 489 936 quam
523 873 632 917 secum
661 850 811 930 habebat,
841 851 1064 937 militibusque,

10 978 16 997 ·
40 948 93 1033 qui
116 969 157 1012 ex
178 946 342 1033 provincia
364 956 588 1024 convenerant,
615 969 636 1013 a
655 946 727 1012 lecu
748 947 923 1025 Lemanno,
950 947 1004 1031 qui
1032 947 1065 1011 in

10 1053 17 1092 ἒ
39 1043 158 1107 flumen
179 1040 370 1106 Rhodanum
392 1039 507 1119 influit,
534 1040 575 1106 ad
601 1051 739 1107 montem
761 1041 881 1118 Iuram,
909 1040 963 1125 qui
984 1041 1064 1105 fines

10 1148 14 1187 f
41 1134 263 1221 Sequanorum
285 1134 325 1200 ab
347 1134 504 1200 Helvetiis
526 1134 652 1212 dividit,
675 1134 761 1199 milia
781 1155 934 1220 passuum
956 1133 1065 1199 decem

10 1248 14 1263 ¹
39 1254 156 1298 novem
172 1253 297 1296 murum
314 1231 348 1295 in
370 1230 565 1296 altitudinem
585 1230 703 1316 pedum
726 1228 862 1295 sedecim
884 1228 1065 1314 fossamque

10 1349 12 1370 ³
38 1325 192 1413 perducit
236 1346 388 1412 scopere
413 1326 553 1411 perfecto
579 1323 736 1410 praesidia
761 1323 911 1409 disponit,
938 1323 1066 1389 castella

39 1419 226 1499 communit,
249 1423 311 1505 quo
333 1419 472 1498 facilius,
495 1419 523 1485 si
545 1442 579 1485 se
601 1419 700 1484 invito
717 1418 849 1484 transim
871 1427 1065 1496 conarentur,

38 1514 205 1602 prohibere
229 1515 340 1600 possit
388 1513 443 1580 ubi
470 1536 508 1580 ea
531 1514 616 1602 dies,
643 1536 738 1598 quam
765 1513 968 1579 constituerat
993 1534 1066 1577 cum

37 1609 163 1696 legatis,
178 1609 271 1686 venit,
286 1618 317 1673 et
334 1607 431 1695 legati
443 1609 485 1673 ad
498 1631 570 1673 eum
586 1617 790 1686 reverterunt,
808 1621 912 1700 negat,
931 1628 966 1673 se
978 1628 1065 1672 more

39 1712 72 1768 et
89 1703 234 1789 exemplo
251 1702 361 1789 populi
378 1703 513 1768 Romani
530 1725 625 1789 posse
642 1702 702 1769 iter
718 1702 774 1767 ulli
795 1724 852 1788 per
872 1700 1066 1789 provinciam

39 1797 114 1862 dare
141 1806 185 1874 et,
209 1796 236 1861 si
257 1797 322 1860 vim
345 1795 449 1861 facere
476 1807 640 1875 conentur,
668 1795 897 1884 prohibiturum
918 1795 1064 1862 ostendit.

40 1890 181 1959 Helvetii
217 1912 328 1976 caspe
347 1890 459 1956 deiecti
484 1891 618 1957 navibus
639 1891 753 1956 iunctis
775 1891 958 1975 ratibusque
980 1913 1065 1957 oom-

39 1984 184 2071 pluribus
202 1985 309 2062 factis,
332 1985 385 2049 alii
407 1985 497 2051 vadis
515 1985 677 2063 Rhodani,
700 2008 763 2070 qua
783 1986 913 2051 minima
933 1985 1065 2052 altitudo

39 2078 178 2144 fluminis
205 2089 284 2157 erat,
311 2100 546 2164 nonnumquam
572 2080 720 2159 interdiu,
749 2081 875 2165 saepius
900 2095 1009 2158 noctu,
1038 2081 1065 2145 si

39 2194 241 2260 perrumpere
271 2182 415 2259 possent,
451 2173 554 2239 conati
584 2175 686 2259 operis
721 2175 893 2240 munitione
924 2184 955 2239 et
985 2173 1066 2238 mili-

38 2279 109 2333 tum
138 2288 293 2333 concursu
323 2277 355 2332 et
384 2268 454 2334 telis
484 2268 602 2354 repulsi
637 2268 697 2333 hoc
728 2279 841 2332 conatu
871 2268 1065 2333 destiterunt

38 2360 273 2444 relinquebatur
296 2385 361 2427 una
385 2385 442 2448 per
465 2361 630 2447 Sequanos
651 2364 717 2440 via,
744 2383 807 2446 qua
835 2358 991 2446 Sequanis
1017 2363 1098 2429 in-tt

37 2456 113 2522 vitis
139 2468 265 2541 propter
290 2458 452 2543 angustias
479 2457 524 2522 ire
550 2480 615 2523 non
639 2466 792 2544 poterant.
836 2457 981 2523 hiscum
1007 2480 1066 2523 sua

39 2562 153 2637 sponte
175 2552 363 2635 persuadere
385 2575 449 2617 non
470 2563 613 2638 possent,
625 2552 758 2638 'legatos
776 2551 817 2616 ad
834 2551 1065 2639 Dumnorigem

38 2644 211 2710 Haeduum
229 2645 364 2722 mittunt,
382 2657 473 2712 uteo
491 2646 690 2732 deprecatore
709 2643 899 2730 aSequanis
917 2646 1064 2732 impetra·

36 2750 117 2805 rent.
143 2736 323 2803 Dumnorix
340 2741 441 2826 gratia
458 2750 490 2805 et
506 2740 669 2827 largitione
687 2741 772 2827 apud
786 2739 951 2825 Sequanos
968 2740 1066 2826 pluri·

36 2855 126 2898 mum
143 2843 266 2918 poterat
279 2843 311 2898 et
318 2832 476 2899 Helvetiis
495 2842 560 2899 erat
577 2835 708 2914 amicus,
726 2834 812 2918 quod
826 2857 867 2901 ex
884 2856 922 2900 ea
939 2834 1064 2901 civitate

39 2924 241 3013 Orgetorigis
264 2925 360 2991 filiam
377 2928 412 2991 in
429 2929 663 2994 matrimonium
679 2929 826 3007 duxerat,
845 2937 877 2994 et
894 2929 1064 3015 cupiditate

36 3020 129 3107 regni
155 3020 310 3086 adductus
336 3021 426 3088 novis
452 3023 548 3089 rebus
575 3022 722 3089 studebat
745 3034 776 3088 et
797 3045 892 3108 quam
913 3023 1064 3108 plurimas
1163 3017 1169 3103 ’-

36 3113 180 3180 civitates
204 3136 262 3180 suo
283 3113 435 3181 beneficio
451 3115 573 3182 *habere
596 3116 762 3183 obstrictas
780 3117 915 3183 volebat.
959 3118 1064 3202 itaque

36 3230 106 3275 rem
129 3208 261 3294 suscipit
283 3220 314 3275 et
335 3233 355 3274 a
378 3208 533 3295 Sequanis
555 3211 715 3298 impetrat,
742 3221 778 3277 ut
802 3233 859 3298 per
884 3211 964 3276 fines
991 3232 1065 3277 suos

36 3301 205 3369 Helvetios
226 3303 272 3368 ire
297 3305 469 3390 patiantur,
497 3305 685 3391 obsidesque
707 3306 753 3371 uti
779 3305 860 3372 inter
885 3327 955 3371 sese
980 3307 1064 3385 dent,

35 3396 174 3484 perficite
202 3394 355 3481 Sequani,
378 3421 418 3464 ne
443 3400 553 3466 itinere
574 3400 739 3465 Helvetios
765 3398 964 3485 prohibeant,
987 3399 1066 3466 Hel·

36 3490 128 3569 vetii,
150 3499 186 3555 ut
207 3491 275 3556 sine
296 3492 449 3559 maleficio
471 3504 503 3560 et
523 3494 636 3559 iniuria
658 3502 824 3558 transeant
866 3492 997 3560 Caesari
1017 3517 1066 3560 re·
1085 3513 1117 3561 10

36 3584 213 3662 nuntiatur,
231 3584 389 3652 Helvetiis
412 3609 482 3653 esse
505 3588 538 3652 in
560 3588 678 3664 animo,
696 3607 753 3672 per
773 3610 885 3674 agrum
904 3585 1067 3673 Sequano-

36 3701 108 3746 rum
130 3687 162 3744 et
183 3677 391 3745 Haeduorum
417 3681 477 3746 iter
500 3681 535 3746 in
562 3678 738 3747 Santonum
763 3679 841 3747 fines
867 3682 985 3759 facere,
1012 3682 1066 3766 qui

36 3793 101 3840 non
131 3771 226 3859 longe
257 3796 278 3839 a
302 3774 499 3840 Tolosatium
533 3775 647 3841 finibus
680 3773 808 3851 absunt,
844 3797 925 3860 quae
956 3775 1065 3840 civitas

38 3868 145 3934 estin
170 3867 341 3954 provincia.
386 3869 420 3934 id
442 3870 471 3935 si
492 3870 594 3948 fieret,
621 3868 824 3956 intellegebat
849 3893 966 3959 magno
992 3891 1064 3935 cum

37 3962 178 4049 periculo
193 3963 373 4050 provinciae
390 3963 542 4042 futurum,
556 3976 591 4029 ut
607 3964 750 4030 homines
768 3963 942 4043 bellicosos,
955 3963 1063 4050 populi

38 4056 176 4129 Romani
192 4058 352 4140 inimicos,
372 4059 451 4129 locis
472 4058 652 4149 patentibus
674 4060 872 4147 maximeque
894 4059 1065 4128 frumenta·
