<?xml version="1.0" encoding="UTF-8"?>
<!DOCTYPE html PUBLIC "-//W3C//DTD XHTML 1.0 Transitional//EN"
    "http://www.w3.org/TR/xhtml1/DTD/xhtml1-transitional.dtd">
<html xmlns="http://www.w3.org/1999/xhtml" xml:lang="en" lang="en">
 <head>
  <title>
</title>
<meta http-equiv="Content-Type" content="text/html;charset=utf-8" />
  <meta name='ocr-system' content='tesseract 3.04.00' />
  <meta name='ocr-capabilities' content='ocr_page ocr_carea ocr_par ocr_line ocrx_word'/>
</head>
<body>
  <div class='ocr_page' id='page_1' title='image "./ciuliicaesarisc01krangoog_0133.png"; bbox 0 0 2414 4336; ppageno 0'>
   <div class='ocr_carea' id='block_1_1' title="bbox 321 227 1000 298">
    <p class='ocr_par' dir='ltr' id='par_1_1' title="bbox 321 227 1000 298">
     <span class='ocr_line' id='line_1_1' title="bbox 321 227 1000 298; baseline -0.001 -1"><span class='ocrx_word' id='word_1_1' title='bbox 321 240 439 298; x_wconf 79' lang='lat' dir='ltr'><strong>COMM.</strong></span> <span class='ocrx_word' id='word_1_2' title='bbox 456 240 522 298; x_wconf 86' lang='lat' dir='ltr'>vn.</span> <span class='ocrx_word' id='word_1_3' title='bbox 540 240 663 297; x_wconf 74' lang='lat' dir='ltr'>tlt-32.</span> <span class='ocrx_word' id='word_1_4' title='bbox 937 227 1000 296; x_wconf 75' lang='lat'>12⁷</span> 
     </span>
    </p>
   </div>
   <div class='ocr_carea' id='block_1_2' title="bbox 11 363 1001 933">
    <p class='ocr_par' dir='ltr' id='par_1_2' title="bbox 11 363 1001 933">
     <span class='ocr_line' id='line_1_2' title="bbox 11 363 1000 451; baseline 0.005 -24"><span class='ocrx_word' id='word_1_5' title='bbox 11 383 66 427; x_wconf 78' lang='lat' dir='ltr'>am</span> <span class='ocrx_word' id='word_1_6' title='bbox 86 363 259 450; x_wconf 75' lang='lat' dir='ltr'>placuisse,</span> <span class='ocrx_word' id='word_1_7' title='bbox 278 363 450 431; x_wconf 87' lang='lat' dir='ltr'>Avaricum</span> <span class='ocrx_word' id='word_1_8' title='bbox 467 366 607 444; x_wconf 83' lang='lat' dir='ltr'>defendi,</span> <span class='ocrx_word' id='word_1_9' title='bbox 631 365 719 431; x_wconf 91' lang='lat' dir='ltr'>ouius</span> <span class='ocrx_word' id='word_1_10' title='bbox 737 364 782 430; x_wconf 89' lang='lat' dir='ltr'>rei</span> <span class='ocrx_word' id='word_1_11' title='bbox 799 373 895 431; x_wconf 88' lang='lat' dir='ltr'>testes</span> <span class='ocrx_word' id='word_1_12' title='bbox 912 364 1000 451; x_wconf 86' lang='lat' dir='ltr'>ipsos</span> 
     </span>
     <span class='ocr_line' id='line_1_3' title="bbox 11 454 1001 548; baseline 0.002 -25"><span class='ocrx_word' id='word_1_13' title='bbox 11 454 120 537; x_wconf 84' lang='lat' dir='ltr'>beret3</span> <span class='ocrx_word' id='word_1_14' title='bbox 148 458 204 525; x_wconf 86' lang='lat' dir='ltr'>sed</span> <span class='ocrx_word' id='word_1_15' title='bbox 221 458 339 525; x_wconf 84' lang='lat' dir='ltr'>factum</span> <span class='ocrx_word' id='word_1_16' title='bbox 356 460 566 546; x_wconf 76' lang='lat' dir='ltr'>imprudentia</span> <span class='ocrx_word' id='word_1_17' title='bbox 582 460 760 548; x_wconf 86' lang='lat' dir='ltr'>Biturigum</span> <span class='ocrx_word' id='word_1_18' title='bbox 782 467 814 524; x_wconf 91' lang='lat' dir='ltr'>et</span> <span class='ocrx_word' id='word_1_19' title='bbox 830 458 927 524; x_wconf 91' lang='lat' dir='ltr'>nimia</span> <span class='ocrx_word' id='word_1_20' title='bbox 944 457 1001 525; x_wconf 89' lang='lat' dir='ltr'>ob·</span> 
     </span>
     <span class='ocr_line' id='line_1_4' title="bbox 11 553 999 647; baseline 0.003 -29"><span class='ocrx_word' id='word_1_21' title='bbox 11 553 141 647; x_wconf 68' lang='lat' dir='ltr'>quentia</span> <span class='ocrx_word' id='word_1_22' title='bbox 161 553 364 639; x_wconf 84' lang='lat' dir='ltr'>reliquomm,</span> <span class='ocrx_word' id='word_1_23' title='bbox 392 555 439 621; x_wconf 89' lang='lat' dir='ltr'>uti</span> <span class='ocrx_word' id='word_1_24' title='bbox 459 555 520 622; x_wconf 90' lang='lat' dir='ltr'>hoo</span> <span class='ocrx_word' id='word_1_25' title='bbox 544 555 777 622; x_wconf 90' lang='lat' dir='ltr'>incommodum</span> <span class='ocrx_word' id='word_1_26' title='bbox 799 554 999 641; x_wconf 82' lang='lat' dir='ltr'>acciperetur.</span> 
     </span>
     <span class='ocr_line' id='line_1_5' title="bbox 26 649 1000 717; baseline 0 -4"><span class='ocrx_word' id='word_1_27' title='bbox 26 653 141 714; x_wconf 86' lang='lat' dir='ltr'>tamen</span> <span class='ocrx_word' id='word_1_28' title='bbox 171 671 206 716; x_wconf 89' lang='lat' dir='ltr'>se</span> <span class='ocrx_word' id='word_1_29' title='bbox 236 649 375 715; x_wconf 87' lang='lat' dir='ltr'>celeriter</span> <span class='ocrx_word' id='word_1_30' title='bbox 404 649 574 717; x_wconf 89' lang='lat' dir='ltr'>maioribus</span> <span class='ocrx_word' id='word_1_31' title='bbox 605 649 777 716; x_wconf 90' lang='lat' dir='ltr'>commodis</span> <span class='ocrx_word' id='word_1_32' title='bbox 809 657 1000 715; x_wconf 83' lang='lat' dir='ltr'>sanaturum.</span> 
     </span>
     <span class='ocr_line' id='line_1_6' title="bbox 11 741 1001 829; baseline 0 -21"><span class='ocrx_word' id='word_1_33' title='bbox 11 750 45 819; x_wconf 69' lang='lat' dir='ltr'>tn</span> <span class='ocrx_word' id='word_1_34' title='bbox 62 763 149 828; x_wconf 87' lang='lat' dir='ltr'>quae</span> <span class='ocrx_word' id='word_1_35' title='bbox 165 741 206 809; x_wconf 90' lang='lat' dir='ltr'>ab</span> <span class='ocrx_word' id='word_1_36' title='bbox 223 744 350 829; x_wconf 91' lang='lat' dir='ltr'>reliquis</span> <span class='ocrx_word' id='word_1_37' title='bbox 364 741 465 812; x_wconf 84' lang='lat' dir='ltr'>Gallis</span> <span class='ocrx_word' id='word_1_38' title='bbox 483 745 624 812; x_wconf 83' lang='lat' dir='ltr'>civitates</span> <span class='ocrx_word' id='word_1_39' title='bbox 644 744 853 822; x_wconf 79' lang='lat' dir='ltr'>dissentirent,</span> <span class='ocrx_word' id='word_1_40' title='bbox 870 743 929 810; x_wconf 87' lang='lat' dir='ltr'>has</span> <span class='ocrx_word' id='word_1_41' title='bbox 943 766 1001 810; x_wconf 87' lang='lat' dir='ltr'>sua</span> 
     </span>
     <span class='ocr_line' id='line_1_7' title="bbox 11 830 1001 933; baseline 0.003 -31"><span class='ocrx_word' id='word_1_42' title='bbox 11 830 140 933; x_wconf 52' lang='lat' dir='ltr'>‚igentia</span> <span class='ocrx_word' id='word_1_43' title='bbox 157 836 375 903; x_wconf 90' lang='lat' dir='ltr'>adiuncturum</span> <span class='ocrx_word' id='word_1_44' title='bbox 396 848 489 923; x_wconf 89' lang='lat' dir='ltr'>atque</span> <span class='ocrx_word' id='word_1_45' title='bbox 506 862 605 905; x_wconf 92' lang='lat' dir='ltr'>unum</span> <span class='ocrx_word' id='word_1_46' title='bbox 627 839 792 905; x_wconf 85' lang='lat' dir='ltr'>consilium</span> <span class='ocrx_word' id='word_1_47' title='bbox 809 839 904 905; x_wconf 85' lang='lat' dir='ltr'>totius</span> <span class='ocrx_word' id='word_1_48' title='bbox 924 834 1001 905; x_wconf 80' lang='lat' dir='ltr'>Gal·</span> 
     </span>
    </p>
   </div>
   <div class='ocr_carea' id='block_1_3' title="bbox 9 930 1191 4141">
    <p class='ocr_par' dir='ltr' id='par_1_3' title="bbox 9 930 1191 4141">
     <span class='ocr_line' id='line_1_8' title="bbox 51 930 1000 1018; baseline 0.002 -21"><span class='ocrx_word' id='word_1_49' title='bbox 51 930 248 1011; x_wconf 83' lang='lat' dir='ltr'>effecturum,</span> <span class='ocrx_word' id='word_1_50' title='bbox 267 933 356 999; x_wconf 90' lang='lat' dir='ltr'>cuius</span> <span class='ocrx_word' id='word_1_51' title='bbox 374 955 529 1000; x_wconf 87' lang='lat' dir='ltr'>consensu</span> <span class='ocrx_word' id='word_1_52' title='bbox 546 955 586 1000; x_wconf 93' lang='lat' dir='ltr'>ne</span> <span class='ocrx_word' id='word_1_53' title='bbox 603 932 688 1000; x_wconf 84' lang='lat' dir='ltr'>orbis</span> <span class='ocrx_word' id='word_1_54' title='bbox 706 934 833 1018; x_wconf 91' lang='lat' dir='ltr'>quidem</span> <span class='ocrx_word' id='word_1_55' title='bbox 850 942 1000 999; x_wconf 90' lang='lat' dir='ltr'>terrarum</span> 
     </span>
     <span class='ocr_line' id='line_1_9' title="bbox 50 1022 1002 1114; baseline 0.002 -24"><span class='ocrx_word' id='word_1_56' title='bbox 50 1022 76 1090; x_wconf 87' lang='lat' dir='ltr'>&#39;t</span> <span class='ocrx_word' id='word_1_57' title='bbox 92 1025 259 1105; x_wconf 84' lang='lat' dir='ltr'>obsistere3</span> <span class='ocrx_word' id='word_1_58' title='bbox 276 1026 372 1112; x_wconf 91' lang='lat' dir='ltr'>idque</span> <span class='ocrx_word' id='word_1_59' title='bbox 390 1049 425 1094; x_wconf 91' lang='lat' dir='ltr'>se</span> <span class='ocrx_word' id='word_1_60' title='bbox 441 1049 539 1114; x_wconf 90' lang='lat' dir='ltr'>prope</span> <span class='ocrx_word' id='word_1_61' title='bbox 555 1028 620 1094; x_wconf 89' lang='lat' dir='ltr'>iam</span> <span class='ocrx_word' id='word_1_62' title='bbox 637 1027 785 1093; x_wconf 86' lang='lat' dir='ltr'>effectum</span> <span class='ocrx_word' id='word_1_63' title='bbox 801 1026 927 1094; x_wconf 84' lang='lat' dir='ltr'>habere.</span> <span class='ocrx_word' id='word_1_64' title='bbox 953 1026 1002 1092; x_wconf 86' lang='lat' dir='ltr'>in·</span> 
     </span>
     <span class='ocr_line' id='line_1_10' title="bbox 77 1120 1002 1208; baseline 0.001 -23"><span class='ocrx_word' id='word_1_65' title='bbox 77 1142 216 1206; x_wconf 89' lang='lat' dir='ltr'>aequum</span> <span class='ocrx_word' id='word_1_66' title='bbox 234 1142 318 1200; x_wconf 90' lang='lat' dir='ltr'>esse,</span> <span class='ocrx_word' id='word_1_67' title='bbox 345 1121 385 1188; x_wconf 89' lang='lat' dir='ltr'>ab</span> <span class='ocrx_word' id='word_1_68' title='bbox 407 1121 446 1188; x_wconf 89' lang='lat' dir='ltr'>iis</span> <span class='ocrx_word' id='word_1_69' title='bbox 463 1121 639 1188; x_wconf 86' lang='lat' dir='ltr'>communia</span> <span class='ocrx_word' id='word_1_70' title='bbox 663 1121 773 1188; x_wconf 87' lang='lat' dir='ltr'>salutis</span> <span class='ocrx_word' id='word_1_71' title='bbox 791 1144 887 1188; x_wconf 88' lang='lat' dir='ltr'>causa</span> <span class='ocrx_word' id='word_1_72' title='bbox 902 1120 1002 1208; x_wconf 90' lang='lat' dir='ltr'>impe·</span> 
     </span>
     <span class='ocr_line' id='line_1_11' title="bbox 40 1210 1001 1301; baseline -0.001 -20"><span class='ocrx_word' id='word_1_73' title='bbox 40 1210 50 1228; x_wconf 78' lang='lat'>‘</span> <span class='ocrx_word' id='word_1_74' title='bbox 77 1223 114 1281; x_wconf 90' lang='lat' dir='ltr'>ut</span> <span class='ocrx_word' id='word_1_75' title='bbox 131 1223 234 1281; x_wconf 83' lang='lat' dir='ltr'>castra</span> <span class='ocrx_word' id='word_1_76' title='bbox 249 1215 370 1282; x_wconf 90' lang='lat' dir='ltr'>munire</span> <span class='ocrx_word' id='word_1_77' title='bbox 387 1216 592 1296; x_wconf 81' lang='lat' dir='ltr'>instituerent,</span> <span class='ocrx_word' id='word_1_78' title='bbox 611 1238 674 1301; x_wconf 90' lang='lat' dir='ltr'>quo</span> <span class='ocrx_word' id='word_1_79' title='bbox 686 1216 810 1282; x_wconf 90' lang='lat' dir='ltr'>facilius</span> <span class='ocrx_word' id='word_1_80' title='bbox 822 1215 1001 1301; x_wconf 90' lang='lat' dir='ltr'>repentinos</span> 
     </span>
     <span class='ocr_line' id='line_1_12' title="bbox 50 1305 1052 1396; baseline 0.004 -22"><span class='ocrx_word' id='word_1_81' title='bbox 50 1305 115 1374; x_wconf 83' lang='lat' dir='ltr'>&#39;um</span> <span class='ocrx_word' id='word_1_82' title='bbox 131 1308 267 1396; x_wconf 90' lang='lat' dir='ltr'>impetus</span> <span class='ocrx_word' id='word_1_83' title='bbox 286 1310 482 1376; x_wconf 79' lang='lat' dir='ltr'>sustinerent</span> <span class='ocrx_word' id='word_1_84' title='bbox 510 1310 570 1375; x_wconf 86' lang='lat' dir='ltr'>fuit</span> <span class='ocrx_word' id='word_1_85' title='bbox 586 1310 666 1376; x_wconf 88' lang='lat' dir='ltr'>haec</span> <span class='ocrx_word' id='word_1_86' title='bbox 683 1310 781 1376; x_wconf 89' lang='lat' dir='ltr'>oratio</span> <span class='ocrx_word' id='word_1_87' title='bbox 798 1331 862 1376; x_wconf 93' lang='lat' dir='ltr'>non</span> <span class='ocrx_word' id='word_1_88' title='bbox 878 1310 1001 1395; x_wconf 88' lang='lat' dir='ltr'>ingrata</span> <span class='ocrx_word' id='word_1_89' title='bbox 1018 1327 1052 1378; x_wconf 77' lang='lat'>30</span> 
     </span>
     <span class='ocr_line' id='line_1_13' title="bbox 53 1401 1000 1491; baseline 0.001 -23"><span class='ocrx_word' id='word_1_90' title='bbox 53 1401 61 1418; x_wconf 85' lang='lat'>‘</span> <span class='ocrx_word' id='word_1_91' title='bbox 80 1451 92 1483; x_wconf 95' lang='lat'>,</span> <span class='ocrx_word' id='word_1_92' title='bbox 121 1412 153 1469; x_wconf 89' lang='lat' dir='ltr'>et</span> <span class='ocrx_word' id='word_1_93' title='bbox 171 1404 319 1482; x_wconf 89' lang='lat' dir='ltr'>maxime,</span> <span class='ocrx_word' id='word_1_94' title='bbox 346 1403 432 1489; x_wconf 91' lang='lat' dir='ltr'>quod</span> <span class='ocrx_word' id='word_1_95' title='bbox 447 1405 516 1491; x_wconf 90' lang='lat' dir='ltr'>ipse</span> <span class='ocrx_word' id='word_1_96' title='bbox 534 1404 638 1471; x_wconf 88' lang='lat' dir='ltr'>auimo</span> <span class='ocrx_word' id='word_1_97' title='bbox 656 1426 719 1471; x_wconf 91' lang='lat' dir='ltr'>non</span> <span class='ocrx_word' id='word_1_98' title='bbox 735 1403 893 1470; x_wconf 81' lang='lat' dir='ltr'>defecerat</span> <span class='ocrx_word' id='word_1_99' title='bbox 913 1412 1000 1469; x_wconf 87' lang='lat' dir='ltr'>tanto</span> 
     </span>
     <span class='ocr_line' id='line_1_14' title="bbox 69 1497 1002 1585; baseline 0 -21"><span class='ocrx_word' id='word_1_100' title='bbox 69 1507 105 1564; x_wconf 95' lang='lat' dir='ltr'>to</span> <span class='ocrx_word' id='word_1_101' title='bbox 126 1497 339 1579; x_wconf 88' lang='lat' dir='ltr'>incommodo,</span> <span class='ocrx_word' id='word_1_102' title='bbox 366 1521 469 1585; x_wconf 88' lang='lat' dir='ltr'>neque</span> <span class='ocrx_word' id='word_1_103' title='bbox 490 1522 525 1567; x_wconf 87' lang='lat' dir='ltr'>se</span> <span class='ocrx_word' id='word_1_104' title='bbox 546 1501 580 1566; x_wconf 91' lang='lat' dir='ltr'>in</span> <span class='ocrx_word' id='word_1_105' title='bbox 601 1498 757 1567; x_wconf 87' lang='lat' dir='ltr'>occultum</span> <span class='ocrx_word' id='word_1_106' title='bbox 783 1499 945 1566; x_wconf 87' lang='lat' dir='ltr'>abdiderat</span> <span class='ocrx_word' id='word_1_107' title='bbox 970 1509 1002 1564; x_wconf 88' lang='lat' dir='ltr'>et</span> 
     </span>
     <span class='ocr_line' id='line_1_15' title="bbox 91 1593 1003 1682; baseline 0.001 -23"><span class='ocrx_word' id='word_1_108' title='bbox 91 1601 183 1659; x_wconf 89' lang='lat' dir='ltr'>ctum</span> <span class='ocrx_word' id='word_1_109' title='bbox 209 1593 415 1662; x_wconf 88' lang='lat' dir='ltr'>multitudiuis</span> <span class='ocrx_word' id='word_1_110' title='bbox 441 1594 578 1682; x_wconf 82' lang='lat' dir='ltr'>fugerat3</span> <span class='ocrx_word' id='word_1_111' title='bbox 608 1595 743 1682; x_wconf 90' lang='lat' dir='ltr'>plusque</span> <span class='ocrx_word' id='word_1_112' title='bbox 768 1594 872 1660; x_wconf 89' lang='lat' dir='ltr'>animo</span> <span class='ocrx_word' id='word_1_113' title='bbox 897 1595 1003 1680; x_wconf 84' lang='lat' dir='ltr'>provi-</span> 
     </span>
     <span class='ocr_line' id='line_1_16' title="bbox 62 1687 1094 1776; baseline 0 -22"><span class='ocrx_word' id='word_1_114' title='bbox 62 1698 98 1754; x_wconf 84' lang='lat' dir='ltr'>et</span> <span class='ocrx_word' id='word_1_115' title='bbox 115 1689 308 1774; x_wconf 78' lang='lat' dir='ltr'>praesentire</span> <span class='ocrx_word' id='word_1_116' title='bbox 327 1687 576 1768; x_wconf 77' lang='lat' dir='ltr'>existimabatur,</span> <span class='ocrx_word' id='word_1_117' title='bbox 604 1690 690 1774; x_wconf 88' lang='lat' dir='ltr'>quod</span> <span class='ocrx_word' id='word_1_118' title='bbox 705 1711 740 1755; x_wconf 91' lang='lat' dir='ltr'>re</span> <span class='ocrx_word' id='word_1_119' title='bbox 761 1689 883 1776; x_wconf 81' lang='lat' dir='ltr'>integra</span> <span class='ocrx_word' id='word_1_120' title='bbox 899 1687 1002 1775; x_wconf 91' lang='lat' dir='ltr'>primo</span> <span class='ocrx_word' id='word_1_121' title='bbox 1090 1734 1094 1743; x_wconf 86' lang='lat'>-</span> 
     </span>
     <span class='ocr_line' id='line_1_17' title="bbox 10 1782 1002 1871; baseline 0.001 -22"><span class='ocrx_word' id='word_1_122' title='bbox 10 1783 208 1849; x_wconf 78' lang='lat' dir='ltr'>rendendum</span> <span class='ocrx_word' id='word_1_123' title='bbox 224 1782 407 1863; x_wconf 85' lang='lat' dir='ltr'>Avaricum,</span> <span class='ocrx_word' id='word_1_124' title='bbox 425 1793 498 1871; x_wconf 90' lang='lat' dir='ltr'>post</span> <span class='ocrx_word' id='word_1_125' title='bbox 515 1784 722 1850; x_wconf 90' lang='lat' dir='ltr'>deserendum</span> <span class='ocrx_word' id='word_1_126' title='bbox 740 1792 913 1850; x_wconf 84' lang='lat' dir='ltr'>censuerat.</span> <span class='ocrx_word' id='word_1_127' title='bbox 942 1782 1002 1850; x_wconf 88' lang='lat' dir='ltr'>ita·</span> 
     </span>
     <span class='ocr_line' id='line_1_18' title="bbox 10 1877 1002 1967; baseline -0.003 -22"><span class='ocrx_word' id='word_1_128' title='bbox 10 1887 87 1967; x_wconf 54' lang='lat' dir='ltr'>eut</span> <span class='ocrx_word' id='word_1_129' title='bbox 106 1877 299 1963; x_wconf 89' lang='lat' dir='ltr'>reliquorum</span> <span class='ocrx_word' id='word_1_130' title='bbox 315 1877 536 1965; x_wconf 87' lang='lat' dir='ltr'>imperatorum</span> <span class='ocrx_word' id='word_1_131' title='bbox 554 1901 604 1944; x_wconf 90' lang='lat' dir='ltr'>res</span> <span class='ocrx_word' id='word_1_132' title='bbox 623 1879 774 1944; x_wconf 89' lang='lat' dir='ltr'>adversae</span> <span class='ocrx_word' id='word_1_133' title='bbox 787 1877 1002 1944; x_wconf 86' lang='lat' dir='ltr'>auctoritatem</span> 
     </span>
     <span class='ocr_line' id='line_1_19' title="bbox 10 1972 1003 2060; baseline -0.001 -22"><span class='ocrx_word' id='word_1_134' title='bbox 10 1982 135 2052; x_wconf 74' lang='lat' dir='ltr'>uuunt,</span> <span class='ocrx_word' id='word_1_135' title='bbox 164 1973 210 2039; x_wconf 86' lang='lat' dir='ltr'>sic</span> <span class='ocrx_word' id='word_1_136' title='bbox 226 1973 319 2039; x_wconf 88' lang='lat' dir='ltr'>huius</span> <span class='ocrx_word' id='word_1_137' title='bbox 342 1995 381 2038; x_wconf 85' lang='lat' dir='ltr'>ex</span> <span class='ocrx_word' id='word_1_138' title='bbox 399 1974 552 2040; x_wconf 90' lang='lat' dir='ltr'>contrario</span> <span class='ocrx_word' id='word_1_139' title='bbox 574 1973 710 2060; x_wconf 85' lang='lat' dir='ltr'>dignitas</span> <span class='ocrx_word' id='word_1_140' title='bbox 730 1972 928 2040; x_wconf 91' lang='lat' dir='ltr'>incommodo</span> <span class='ocrx_word' id='word_1_141' title='bbox 949 1993 1003 2038; x_wconf 89' lang='lat' dir='ltr'>ac-</span> 
     </span>
     <span class='ocr_line' id='line_1_20' title="bbox 10 2066 1002 2155; baseline -0.003 -20"><span class='ocrx_word' id='word_1_142' title='bbox 10 2078 61 2135; x_wconf 68' lang='lat' dir='ltr'>ato</span> <span class='ocrx_word' id='word_1_143' title='bbox 86 2068 124 2132; x_wconf 91' lang='lat' dir='ltr'>in</span> <span class='ocrx_word' id='word_1_144' title='bbox 146 2067 213 2133; x_wconf 91' lang='lat' dir='ltr'>dies</span> <span class='ocrx_word' id='word_1_145' title='bbox 235 2068 417 2155; x_wconf 85' lang='lat' dir='ltr'>augebatur.</span> <span class='ocrx_word' id='word_1_146' title='bbox 462 2067 555 2134; x_wconf 90' lang='lat' dir='ltr'>simul</span> <span class='ocrx_word' id='word_1_147' title='bbox 576 2067 610 2133; x_wconf 93' lang='lat' dir='ltr'>iu</span> <span class='ocrx_word' id='word_1_148' title='bbox 632 2090 721 2154; x_wconf 91' lang='lat' dir='ltr'>spem</span> <span class='ocrx_word' id='word_1_149' title='bbox 742 2066 909 2133; x_wconf 88' lang='lat' dir='ltr'>veniebant</span> <span class='ocrx_word' id='word_1_150' title='bbox 934 2066 1002 2133; x_wconf 90' lang='lat' dir='ltr'>eius</span> 
     </span>
     <span class='ocr_line' id='line_1_21' title="bbox 10 2158 1003 2250; baseline -0.006 -19"><span class='ocrx_word' id='word_1_151' title='bbox 10 2158 184 2231; x_wconf 81' lang='lat' dir='ltr'>&#39;trmatione</span> <span class='ocrx_word' id='word_1_152' title='bbox 205 2162 246 2228; x_wconf 91' lang='lat' dir='ltr'>de</span> <span class='ocrx_word' id='word_1_153' title='bbox 265 2162 392 2247; x_wconf 90' lang='lat' dir='ltr'>reliquis</span> <span class='ocrx_word' id='word_1_154' title='bbox 410 2162 616 2250; x_wconf 88' lang='lat' dir='ltr'>adiungendis</span> <span class='ocrx_word' id='word_1_155' title='bbox 634 2160 826 2240; x_wconf 85' lang='lat' dir='ltr'>civitatibus3</span> <span class='ocrx_word' id='word_1_156' title='bbox 852 2161 1003 2247; x_wconf 88' lang='lat' dir='ltr'>primum-</span> 
     </span>
     <span class='ocr_line' id='line_1_22' title="bbox 10 2253 1003 2344; baseline -0.004 -21"><span class='ocrx_word' id='word_1_157' title='bbox 10 2278 32 2333; x_wconf 78' lang='lat' dir='ltr'>e</span> <span class='ocrx_word' id='word_1_158' title='bbox 62 2279 106 2324; x_wconf 88' lang='lat' dir='ltr'>eo</span> <span class='ocrx_word' id='word_1_159' title='bbox 132 2266 272 2344; x_wconf 89' lang='lat' dir='ltr'>tempore</span> <span class='ocrx_word' id='word_1_160' title='bbox 294 2253 380 2322; x_wconf 87' lang='lat' dir='ltr'>Galli</span> <span class='ocrx_word' id='word_1_161' title='bbox 405 2266 507 2323; x_wconf 88' lang='lat' dir='ltr'>castra</span> <span class='ocrx_word' id='word_1_162' title='bbox 532 2257 653 2323; x_wconf 87' lang='lat' dir='ltr'>munire</span> <span class='ocrx_word' id='word_1_163' title='bbox 678 2256 878 2321; x_wconf 88' lang='lat' dir='ltr'>instituerunt</span> <span class='ocrx_word' id='word_1_164' title='bbox 899 2263 931 2320; x_wconf 85' lang='lat' dir='ltr'>et</span> <span class='ocrx_word' id='word_1_165' title='bbox 956 2254 1003 2321; x_wconf 91' lang='lat' dir='ltr'>sic</span> 
     </span>
     <span class='ocr_line' id='line_1_23' title="bbox 10 2348 1002 2429; baseline -0.008 -8"><span class='ocrx_word' id='word_1_166' title='bbox 10 2362 45 2421; x_wconf 82' lang='lat' dir='ltr'>nt</span> <span class='ocrx_word' id='word_1_167' title='bbox 82 2350 191 2418; x_wconf 88' lang='lat' dir='ltr'>animo</span> <span class='ocrx_word' id='word_1_168' title='bbox 229 2352 430 2429; x_wconf 79' lang='lat' dir='ltr'>consternati,</span> <span class='ocrx_word' id='word_1_169' title='bbox 470 2351 612 2417; x_wconf 91' lang='lat' dir='ltr'>homines</span> <span class='ocrx_word' id='word_1_170' title='bbox 646 2349 761 2416; x_wconf 90' lang='lat' dir='ltr'>insueti</span> <span class='ocrx_word' id='word_1_171' title='bbox 795 2348 925 2426; x_wconf 88' lang='lat' dir='ltr'>laboris,</span> <span class='ocrx_word' id='word_1_172' title='bbox 967 2357 1002 2413; x_wconf 89' lang='lat' dir='ltr'>ut</span> 
     </span>
     <span class='ocr_line' id='line_1_24' title="bbox 10 2443 1003 2532; baseline -0.007 -17"><span class='ocrx_word' id='word_1_173' title='bbox 10 2446 97 2526; x_wconf 83' lang='lat' dir='ltr'>mia,</span> <span class='ocrx_word' id='word_1_174' title='bbox 128 2467 210 2531; x_wconf 89' lang='lat' dir='ltr'>quae</span> <span class='ocrx_word' id='word_1_175' title='bbox 235 2445 475 2532; x_wconf 87' lang='lat' dir='ltr'>imperarentur,</span> <span class='ocrx_word' id='word_1_176' title='bbox 503 2444 564 2511; x_wconf 93' lang='lat' dir='ltr'>sibi</span> <span class='ocrx_word' id='word_1_177' title='bbox 588 2444 736 2532; x_wconf 89' lang='lat' dir='ltr'>patienda</span> <span class='ocrx_word' id='word_1_178' title='bbox 761 2453 792 2510; x_wconf 91' lang='lat' dir='ltr'>et</span> <span class='ocrx_word' id='word_1_179' title='bbox 817 2443 1003 2530; x_wconf 84' lang='lat' dir='ltr'>perferenda</span> 
     </span>
     <span class='ocr_line' id='line_1_25' title="bbox 40 2536 1051 2626; baseline -0.001 -18"><span class='ocrx_word' id='word_1_180' title='bbox 40 2541 203 2611; x_wconf 79' lang='lat' dir='ltr'>timerent.</span> <span class='ocrx_word' id='word_1_181' title='bbox 245 2562 305 2606; x_wconf 91' lang='lat' dir='ltr'>nec</span> <span class='ocrx_word' id='word_1_182' title='bbox 322 2541 439 2619; x_wconf 90' lang='lat' dir='ltr'>minus,</span> <span class='ocrx_word' id='word_1_183' title='bbox 462 2560 557 2625; x_wconf 87' lang='lat' dir='ltr'>quam</span> <span class='ocrx_word' id='word_1_184' title='bbox 575 2549 623 2606; x_wconf 92' lang='lat' dir='ltr'>est</span> <span class='ocrx_word' id='word_1_185' title='bbox 640 2539 810 2626; x_wconf 89' lang='lat' dir='ltr'>pollicitus,</span> <span class='ocrx_word' id='word_1_186' title='bbox 829 2536 1001 2625; x_wconf 88' lang='lat' dir='ltr'>Vercinge·</span> <span class='ocrx_word' id='word_1_187' title='bbox 1019 2557 1051 2607; x_wconf 78' lang='lat'>31</span> 
     </span>
     <span class='ocr_line' id='line_1_26' title="bbox 84 2632 1001 2719; baseline -0.005 -18"><span class='ocrx_word' id='word_1_188' title='bbox 84 2635 191 2701; x_wconf 88' lang='lat' dir='ltr'>animo</span> <span class='ocrx_word' id='word_1_189' title='bbox 216 2633 392 2713; x_wconf 86' lang='lat' dir='ltr'>laborabat,</span> <span class='ocrx_word' id='word_1_190' title='bbox 418 2643 454 2700; x_wconf 92' lang='lat' dir='ltr'>ut</span> <span class='ocrx_word' id='word_1_191' title='bbox 478 2634 615 2719; x_wconf 89' lang='lat' dir='ltr'>reliquas</span> <span class='ocrx_word' id='word_1_192' title='bbox 641 2633 782 2699; x_wconf 84' lang='lat' dir='ltr'>civitates</span> <span class='ocrx_word' id='word_1_193' title='bbox 810 2632 1001 2718; x_wconf 89' lang='lat' dir='ltr'>adiungeret,</span> 
     </span>
     <span class='ocr_line' id='line_1_27' title="bbox 52 2727 1004 2816; baseline -0.004 -20"><span class='ocrx_word' id='word_1_194' title='bbox 52 2752 71 2796; x_wconf 88' lang='lat' dir='ltr'>e</span> <span class='ocrx_word' id='word_1_195' title='bbox 93 2752 149 2796; x_wconf 89' lang='lat' dir='ltr'>eas</span> <span class='ocrx_word' id='word_1_196' title='bbox 176 2729 266 2797; x_wconf 82' lang='lat' dir='ltr'>donia</span> <span class='ocrx_word' id='word_1_197' title='bbox 292 2729 630 2816; x_wconf 84' lang='lat' dir='ltr'>pollicitationibusque</span> <span class='ocrx_word' id='word_1_198' title='bbox 656 2727 820 2796; x_wconf 81' lang='lat' dir='ltr'>alliciebat</span> <span class='ocrx_word' id='word_1_199' title='bbox 864 2727 937 2793; x_wconf 90' lang='lat' dir='ltr'>huic</span> <span class='ocrx_word' id='word_1_200' title='bbox 957 2728 1004 2794; x_wconf 89' lang='lat' dir='ltr'>rei</span> 
     </span>
     <span class='ocr_line' id='line_1_28' title="bbox 53 2821 1004 2912; baseline -0.005 -20"><span class='ocrx_word' id='word_1_201' title='bbox 53 2847 110 2892; x_wconf 89' lang='lat' dir='ltr'>eos</span> <span class='ocrx_word' id='word_1_202' title='bbox 127 2823 271 2891; x_wconf 90' lang='lat' dir='ltr'>homiues</span> <span class='ocrx_word' id='word_1_203' title='bbox 289 2823 462 2912; x_wconf 85' lang='lat' dir='ltr'>deligebat,</span> <span class='ocrx_word' id='word_1_204' title='bbox 488 2846 621 2909; x_wconf 91' lang='lat' dir='ltr'>quorum</span> <span class='ocrx_word' id='word_1_205' title='bbox 638 2823 771 2909; x_wconf 85' lang='lat' dir='ltr'>quisque</span> <span class='ocrx_word' id='word_1_206' title='bbox 793 2831 847 2889; x_wconf 89' lang='lat' dir='ltr'>aut</span> <span class='ocrx_word' id='word_1_207' title='bbox 864 2821 1004 2888; x_wconf 89' lang='lat' dir='ltr'>oratione</span> 
     </span>
     <span class='ocr_line' id='line_1_29' title="bbox 59 2915 1003 3005; baseline -0.004 -20"><span class='ocrx_word' id='word_1_208' title='bbox 59 2919 112 2985; x_wconf 89' lang='lat' dir='ltr'>ola</span> <span class='ocrx_word' id='word_1_209' title='bbox 130 2927 184 2985; x_wconf 87' lang='lat' dir='ltr'>aut</span> <span class='ocrx_word' id='word_1_210' title='bbox 201 2918 338 2985; x_wconf 89' lang='lat' dir='ltr'>amicitia</span> <span class='ocrx_word' id='word_1_211' title='bbox 354 2918 501 2985; x_wconf 86' lang='lat' dir='ltr'>facillime</span> <span class='ocrx_word' id='word_1_212' title='bbox 519 2940 631 3005; x_wconf 89' lang='lat' dir='ltr'>capere</span> <span class='ocrx_word' id='word_1_213' title='bbox 648 2927 766 3004; x_wconf 86' lang='lat' dir='ltr'>posset.</span> <span class='ocrx_word' id='word_1_214' title='bbox 792 2917 848 3002; x_wconf 91' lang='lat' dir='ltr'>qui</span> <span class='ocrx_word' id='word_1_215' title='bbox 865 2915 1003 2982; x_wconf 84' lang='lat' dir='ltr'>Avarico</span> 
     </span>
     <span class='ocr_line' id='line_1_30' title="bbox 106 3012 1002 3101; baseline -0.006 -22"><span class='ocrx_word' id='word_1_216' title='bbox 106 3022 159 3079; x_wconf 90' lang='lat' dir='ltr'>ato</span> <span class='ocrx_word' id='word_1_217' title='bbox 194 3012 388 3101; x_wconf 83' lang='lat' dir='ltr'>refugerant,</span> <span class='ocrx_word' id='word_1_218' title='bbox 428 3013 595 3078; x_wconf 89' lang='lat' dir='ltr'>armandos</span> <span class='ocrx_word' id='word_1_219' title='bbox 629 3012 870 3096; x_wconf 85' lang='lat' dir='ltr'>vestiendosque</span> <span class='ocrx_word' id='word_1_220' title='bbox 900 3018 1002 3088; x_wconf 72' lang='lat' dir='ltr'>curat,</span> 
     </span>
     <span class='ocr_line' id='line_1_31' title="bbox 87 3106 1004 3195; baseline -0.007 -21"><span class='ocrx_word' id='word_1_221' title='bbox 87 3116 125 3174; x_wconf 89' lang='lat' dir='ltr'>ut</span> <span class='ocrx_word' id='word_1_222' title='bbox 142 3106 320 3173; x_wconf 85' lang='lat' dir='ltr'>deminutae</span> <span class='ocrx_word' id='word_1_223' title='bbox 338 3107 446 3193; x_wconf 88' lang='lat' dir='ltr'>copiae</span> <span class='ocrx_word' id='word_1_224' title='bbox 463 3108 760 3195; x_wconf 88' lang='lat' dir='ltr'>redintegrarentur,</span> <span class='ocrx_word' id='word_1_225' title='bbox 787 3106 920 3191; x_wconf 87' lang='lat' dir='ltr'>imperat</span> <span class='ocrx_word' id='word_1_226' title='bbox 937 3125 1004 3170; x_wconf 90' lang='lat' dir='ltr'>cer·</span> 
     </span>
     <span class='ocr_line' id='line_1_32' title="bbox 64 3202 1003 3286; baseline -0.007 -16"><span class='ocrx_word' id='word_1_227' title='bbox 64 3224 233 3271; x_wconf 89' lang='lat' dir='ltr'>numerum</span> <span class='ocrx_word' id='word_1_228' title='bbox 254 3202 388 3268; x_wconf 88' lang='lat' dir='ltr'>militum</span> <span class='ocrx_word' id='word_1_229' title='bbox 414 3202 606 3282; x_wconf 84' lang='lat' dir='ltr'>civitatibus,</span> <span class='ocrx_word' id='word_1_230' title='bbox 633 3224 728 3286; x_wconf 89' lang='lat' dir='ltr'>quem</span> <span class='ocrx_word' id='word_1_231' title='bbox 753 3209 784 3265; x_wconf 90' lang='lat' dir='ltr'>et</span> <span class='ocrx_word' id='word_1_232' title='bbox 809 3220 904 3284; x_wconf 91' lang='lat' dir='ltr'>quam</span> <span class='ocrx_word' id='word_1_233' title='bbox 930 3206 1003 3264; x_wconf 88' lang='lat' dir='ltr'>ante</span> 
     </span>
     <span class='ocr_line' id='line_1_33' title="bbox 75 3296 1004 3384; baseline -0.005 -20"><span class='ocrx_word' id='word_1_234' title='bbox 75 3297 111 3364; x_wconf 91' lang='lat' dir='ltr'>in</span> <span class='ocrx_word' id='word_1_235' title='bbox 128 3305 232 3364; x_wconf 87' lang='lat' dir='ltr'>castra</span> <span class='ocrx_word' id='word_1_236' title='bbox 248 3296 363 3363; x_wconf 90' lang='lat' dir='ltr'>adduci</span> <span class='ocrx_word' id='word_1_237' title='bbox 376 3297 459 3376; x_wconf 88' lang='lat' dir='ltr'>velit,</span> <span class='ocrx_word' id='word_1_238' title='bbox 479 3297 718 3384; x_wconf 87' lang='lat' dir='ltr'>sagittariosque</span> <span class='ocrx_word' id='word_1_239' title='bbox 731 3316 850 3371; x_wconf 87' lang='lat' dir='ltr'>omnes,</span> <span class='ocrx_word' id='word_1_240' title='bbox 868 3315 1004 3378; x_wconf 88' lang='lat' dir='ltr'>quorum</span> 
     </span>
     <span class='ocr_line' id='line_1_34' title="bbox 49 3382 1004 3481; baseline -0.005 -24"><span class='ocrx_word' id='word_1_241' title='bbox 49 3382 253 3481; x_wconf 86' lang='lat' dir='ltr'>¹permagnus</span> <span class='ocrx_word' id='word_1_242' title='bbox 270 3413 418 3456; x_wconf 88' lang='lat' dir='ltr'>numerus</span> <span class='ocrx_word' id='word_1_243' title='bbox 435 3390 469 3456; x_wconf 93' lang='lat' dir='ltr'>in</span> <span class='ocrx_word' id='word_1_244' title='bbox 482 3388 595 3468; x_wconf 87' lang='lat' dir='ltr'>Gallia,</span> <span class='ocrx_word' id='word_1_245' title='bbox 614 3388 754 3474; x_wconf 91' lang='lat' dir='ltr'>conquiri</span> <span class='ocrx_word' id='word_1_246' title='bbox 772 3398 803 3453; x_wconf 90' lang='lat' dir='ltr'>et</span> <span class='ocrx_word' id='word_1_247' title='bbox 820 3388 861 3453; x_wconf 88' lang='lat' dir='ltr'>ad</span> <span class='ocrx_word' id='word_1_248' title='bbox 875 3410 909 3454; x_wconf 92' lang='lat' dir='ltr'>se</span> <span class='ocrx_word' id='word_1_249' title='bbox 922 3387 1004 3452; x_wconf 83' lang='lat' dir='ltr'>mitti</span> 
     </span>
     <span class='ocr_line' id='line_1_35' title="bbox 116 3483 1002 3570; baseline -0.006 -17"><span class='ocrx_word' id='word_1_250' title='bbox 116 3486 169 3553; x_wconf 88' lang='lat' dir='ltr'>his</span> <span class='ocrx_word' id='word_1_251' title='bbox 194 3485 290 3553; x_wconf 83' lang='lat' dir='ltr'>rebus</span> <span class='ocrx_word' id='word_1_252' title='bbox 317 3485 457 3552; x_wconf 89' lang='lat' dir='ltr'>celeriter</span> <span class='ocrx_word' id='word_1_253' title='bbox 481 3487 527 3564; x_wconf 91' lang='lat' dir='ltr'>id,</span> <span class='ocrx_word' id='word_1_254' title='bbox 555 3485 640 3570; x_wconf 90' lang='lat' dir='ltr'>quod</span> <span class='ocrx_word' id='word_1_255' title='bbox 664 3483 794 3549; x_wconf 86' lang='lat' dir='ltr'>Avarici</span> <span class='ocrx_word' id='word_1_256' title='bbox 820 3483 1002 3569; x_wconf 90' lang='lat' dir='ltr'>deperierat,</span> 
     </span>
     <span class='ocr_line' id='line_1_36' title="bbox 77 3576 1004 3657; baseline -0.006 -8"><span class='ocrx_word' id='word_1_257' title='bbox 77 3605 129 3649; x_wconf 90' lang='lat' dir='ltr'>ur.</span> <span class='ocrx_word' id='word_1_258' title='bbox 175 3580 298 3647; x_wconf 89' lang='lat' dir='ltr'>interim</span> <span class='ocrx_word' id='word_1_259' title='bbox 316 3580 531 3657; x_wconf 85' lang='lat' dir='ltr'>Teutomatus,</span> <span class='ocrx_word' id='word_1_260' title='bbox 552 3577 746 3645; x_wconf 87' lang='lat' dir='ltr'>Olloviconis</span> <span class='ocrx_word' id='word_1_261' title='bbox 763 3578 858 3657; x_wconf 84' lang='lat' dir='ltr'>filius,</span> <span class='ocrx_word' id='word_1_262' title='bbox 875 3600 932 3644; x_wconf 88' lang='lat' dir='ltr'>rex</span> <span class='ocrx_word' id='word_1_263' title='bbox 947 3576 1004 3643; x_wconf 73' lang='lat' dir='ltr'>lb-</span> 
     </span>
     <span class='ocr_line' id='line_1_37' title="bbox 51 3672 1004 3761; baseline -0.004 -20"><span class='ocrx_word' id='word_1_264' title='bbox 51 3677 62 3695; x_wconf 84' lang='lat'>&#39;</span> <span class='ocrx_word' id='word_1_265' title='bbox 151 3722 162 3752; x_wconf 94' lang='lat'>,</span> <span class='ocrx_word' id='word_1_266' title='bbox 189 3674 279 3740; x_wconf 90' lang='lat' dir='ltr'>euius</span> <span class='ocrx_word' id='word_1_267' title='bbox 296 3684 386 3761; x_wconf 91' lang='lat' dir='ltr'>pater</span> <span class='ocrx_word' id='word_1_268' title='bbox 402 3673 442 3740; x_wconf 93' lang='lat' dir='ltr'>ab</span> <span class='ocrx_word' id='word_1_269' title='bbox 465 3683 575 3739; x_wconf 90' lang='lat' dir='ltr'>senatu</span> <span class='ocrx_word' id='word_1_270' title='bbox 597 3680 704 3738; x_wconf 88' lang='lat' dir='ltr'>nostro</span> <span class='ocrx_word' id='word_1_271' title='bbox 727 3672 846 3738; x_wconf 89' lang='lat' dir='ltr'>amicus</span> <span class='ocrx_word' id='word_1_272' title='bbox 865 3683 931 3738; x_wconf 89' lang='lat' dir='ltr'>erat</span> <span class='ocrx_word' id='word_1_273' title='bbox 948 3693 1004 3758; x_wconf 89' lang='lat' dir='ltr'>ap-</span> 
     </span>
     <span class='ocr_line' id='line_1_38' title="bbox 21 3769 1002 3857; baseline -0.007 -19"><span class='ocrx_word' id='word_1_274' title='bbox 21 3840 27 3857; x_wconf 58' lang='lat'>,</span> <span class='ocrx_word' id='word_1_275' title='bbox 140 3791 347 3857; x_wconf 86' lang='lat' dir='ltr'>cummagno</span> <span class='ocrx_word' id='word_1_276' title='bbox 365 3769 506 3855; x_wconf 88' lang='lat' dir='ltr'>equitum</span> <span class='ocrx_word' id='word_1_277' title='bbox 523 3790 652 3835; x_wconf 89' lang='lat' dir='ltr'>suorum</span> <span class='ocrx_word' id='word_1_278' title='bbox 669 3789 799 3834; x_wconf 91' lang='lat' dir='ltr'>numero</span> <span class='ocrx_word' id='word_1_279' title='bbox 817 3776 848 3833; x_wconf 89' lang='lat' dir='ltr'>et</span> <span class='ocrx_word' id='word_1_280' title='bbox 865 3788 944 3851; x_wconf 91' lang='lat' dir='ltr'>quos</span> <span class='ocrx_word' id='word_1_281' title='bbox 962 3788 1002 3831; x_wconf 91' lang='lat' dir='ltr'>ex</span> 
     </span>
     <span class='ocr_line' id='line_1_39' title="bbox 9 3858 1051 3953; baseline -0.004 -20"><span class='ocrx_word' id='word_1_282' title='bbox 9 3864 153 3953; x_wconf 73' lang='lat' dir='ltr'>{bitania</span> <span class='ocrx_word' id='word_1_283' title='bbox 174 3864 367 3930; x_wconf 85' lang='lat' dir='ltr'>conduxerat</span> <span class='ocrx_word' id='word_1_284' title='bbox 387 3864 428 3929; x_wconf 91' lang='lat' dir='ltr'>ad</span> <span class='ocrx_word' id='word_1_285' title='bbox 450 3886 520 3929; x_wconf 90' lang='lat' dir='ltr'>eum</span> <span class='ocrx_word' id='word_1_286' title='bbox 542 3862 693 3950; x_wconf 85' lang='lat' dir='ltr'>pervenit</span> <span class='ocrx_word' id='word_1_287' title='bbox 738 3861 857 3929; x_wconf 82' lang='lat' dir='ltr'>Caesar</span> <span class='ocrx_word' id='word_1_288' title='bbox 872 3858 1002 3926; x_wconf 83' lang='lat' dir='ltr'>Avarici</span> <span class='ocrx_word' id='word_1_289' title='bbox 1019 3878 1051 3929; x_wconf 76' lang='lat' dir='ltr'>aa</span> 
     </span>
     <span class='ocr_line' id='line_1_40' title="bbox 9 3953 1191 4087; baseline -0.006 -61"><span class='ocrx_word' id='word_1_290' title='bbox 9 3961 157 4051; x_wconf 69' lang='lat' dir='ltr'>mplnres</span> <span class='ocrx_word' id='word_1_291' title='bbox 179 3957 248 4025; x_wconf 86' lang='lat' dir='ltr'>dies</span> <span class='ocrx_word' id='word_1_292' title='bbox 258 4016 260 4020; x_wconf 95' lang='lat'>.</span> <span class='ocrx_word' id='word_1_293' title='bbox 270 3968 481 4025; x_wconf 86' lang='lat' dir='ltr'>commoratus</span> <span class='ocrx_word' id='word_1_294' title='bbox 504 3978 720 4042; x_wconf 86' lang='lat' dir='ltr'>summamque</span> <span class='ocrx_word' id='word_1_295' title='bbox 737 3956 782 4023; x_wconf 93' lang='lat' dir='ltr'>ibi</span> <span class='ocrx_word' id='word_1_296' title='bbox 799 3953 921 4042; x_wconf 90' lang='lat' dir='ltr'>copiam</span> <span class='ocrx_word' id='word_1_297' title='bbox 937 3953 1003 4020; x_wconf 84' lang='lat' dir='ltr'>fru-</span> <span class='ocrx_word' id='word_1_298' title='bbox 1174 3984 1191 4087; x_wconf 50' lang='lat' dir='ltr'>q</span> 
     </span>
     <span class='ocr_line' id='line_1_41' title="bbox 9 4047 1028 4141; baseline -0.012 -16"><span class='ocrx_word' id='word_1_299' title='bbox 9 4058 67 4125; x_wconf 75' lang='lat' dir='ltr'>nti</span> <span class='ocrx_word' id='word_1_300' title='bbox 92 4063 127 4123; x_wconf 82' lang='lat' dir='ltr'>et</span> <span class='ocrx_word' id='word_1_301' title='bbox 146 4052 260 4141; x_wconf 80' lang='lat' dir='ltr'>reliqui</span> <span class='ocrx_word' id='word_1_302' title='bbox 276 4062 472 4124; x_wconf 85' lang='lat' dir='ltr'>commeatus</span> <span class='ocrx_word' id='word_1_303' title='bbox 495 4066 634 4127; x_wconf 89' lang='lat' dir='ltr'>nanctus</span> <span class='ocrx_word' id='word_1_304' title='bbox 655 4054 837 4123; x_wconf 81' lang='lat' dir='ltr'>exercitum</span> <span class='ocrx_word' id='word_1_305' title='bbox 854 4047 1028 4118; x_wconf 54' lang='lat' dir='ltr'>sanuses</span> 
     </span>
    </p>
   </div>
   <div class='ocr_carea' id='block_1_4' title="bbox 0 0 1214 4336">
    <p class='ocr_par' dir='ltr' id='par_1_4' title="bbox 0 0 1214 4336">
     <span class='ocr_line' id='line_1_42' title="bbox 0 0 1214 4336; baseline 0 0"><span class='ocrx_word' id='word_1_306' title='bbox 0 0 1214 4336; x_wconf 95' lang='lat' dir='ltr'> </span> 
     </span>
    </p>
   </div>
  </div>
 </body>
</html>
