2414 4336
353 267 472 352 oouu
489 266 557 328 vn.
576 267 697 326 14-1s.
973 253 1034 324 121

51 413 78 477 ρ
109 415 151 460 se
179 392 250 459 loci
272 402 383 459 natura
408 390 592 459 defensuros
619 392 740 470 dicunt,
767 391 851 478 quod
876 414 975 479 prope
995 414 1036 459 ex

51 484 145 577 filius
164 486 316 576 partibus
332 486 461 554 flumine
478 497 509 554 et
525 486 640 575 palude
658 486 849 553 circumdata
865 509 964 552 uuum
979 487 1036 553 he-

51 591 120 949 {t
136 589 375 670 perangustum
392 581 520 648 aditum
548 582 640 647 datur
656 581 835 668 petentibus
853 582 954 661 venia,
972 581 1037 648 dis-

118 685 156 743 te
179 677 284 764 primo
305 674 579 765 Vercingetorige,
605 685 679 762 post
699 676 889 742 concedente
915 685 947 742 et
966 698 1037 763 pre-

109 771 264 859 ipsorum
285 780 316 836 et
337 770 550 837 misericordia
571 771 668 858 vulgi.
717 770 899 837 defensores
922 770 1037 858 oppido

92 865 103 882 ⁸
124 865 319 953 deliguntur.
355 863 595 953 Vercingetorix
612 865 784 932 minoribus
800 864 971 933 Caesarem
987 865 1038 930 iti·
1056 883 1089 934 rc

60 971 127 1017 ‘w
153 959 358 1045 subsequitur
375 970 406 1025 et
422 959 527 1027 locum
544 961 654 1027 castris
672 960 782 1047 deligit
798 960 967 1047 paludibus
985 960 1039 1027 sil·

86 1086 113 1109 *2-
136 1053 310 1132 munitum,
337 1053 378 1120 ab
395 1053 535 1121 Avarico
557 1054 651 1142 louge
669 1054 755 1119 milia
771 1076 924 1141 passuum
940 1053 1037 1122 XVI.

144 1157 248 1216 certos
266 1147 476 1235 exploratores
494 1147 528 1213 in
545 1148 670 1236 singula
691 1148 754 1214 diei
775 1157 930 1236 tempora,
957 1170 1039 1234 quae

83 1315 84 1320 χ
100 1242 246 1310 varicum
261 1252 443 1331 agerentur,
461 1242 672 1330 cognoscebat
690 1252 735 1321 et,
757 1243 833 1327 quid
849 1243 918 1309 fieri
933 1243 1038 1323 vellet,

88 1380 98 1389 -=
119 1345 196 1404 =·at.
224 1337 326 1403 omnis
343 1346 466 1404 nostros
483 1336 700 1424 pabulationes
718 1336 1039 1422 frumentationesque

87 1494 90 1512 ἱ
116 1430 215 1510 abst,
238 1431 474 1518 dispersosque,
497 1452 571 1497 cum
587 1431 713 1518 longius
736 1430 914 1497 necessario
930 1452 1039 1518 proce-

90 1557 112 1598 ,ω
148 1523 349 1592 adoriebatur
365 1548 544 1614 magnoque
561 1525 761 1593 incommodo
779 1524 951 1605 afficiebat,
969 1525 1038 1605 etsi,

100 1650 155 1677 ...
185 1619 305 1687 ratione
321 1620 480 1707 provideri
495 1630 633 1707 poterat,
660 1620 700 1687 ab
718 1620 833 1686 uostris
857 1618 1040 1687 occurreba-

90 1723 138 1797 ,ut
157 1714 286 1780 incertis
309 1714 500 1802 temporibus
527 1715 722 1800 diversisque
747 1713 913 1782 itineribus
933 1715 1039 1782 iretur.

51 1874 62 1883 ,
97 1842 114 1854 ·’
137 1808 182 1876 ud
199 1818 409 1896 campartem
427 1809 534 1896 oppidi
551 1808 663 1896 positis
682 1808 816 1889 Caesar,
843 1830 923 1895 quae
945 1809 1039 1876 inter-
1057 1830 1090 1880 11

51 1954 56 1991 ς
127 1927 149 1971 a
172 1902 302 1970 flumine
323 1911 355 1970 et
377 1926 397 1970 a
418 1903 532 1990 palude
556 1903 689 1984 aditum,
714 1913 751 1969 ut
776 1926 871 1991 supra
892 1903 1039 1983 diximus,

77 2066 87 2077 ,
100 2031 112 2055 ω
190 1996 338 2078 babebat,
357 2020 506 2086 aggerem
519 2020 679 2086 apparare,
697 1998 805 2065 vinem
818 2020 921 2086 agere,
939 2012 1039 2087 turres

62 2156 63 2160 ,
109 2093 305 2162 constituere
331 2094 449 2181 coepitr
480 2117 554 2160 nam
580 2093 813 2160 circumvallare
843 2092 904 2159 looi
928 2102 1042 2159 natura

70 2186 210 2255 bat.
253 2187 293 2255 dc
310 2209 345 2254 re
362 2187 566 2256 frumentaria
582 2188 680 2254 Boios
703 2197 797 2272 atque
813 2186 967 2253 Haeduos
985 2187 1041 2252 ad-

51 2276 126 2351 tari
143 2303 214 2349 nou
230 2281 363 2362 destitit;
381 2304 513 2368 quorum
531 2282 629 2362 alteri,
647 2282 733 2367 quod
745 2281 831 2348 nullo
845 2281 949 2347 studio
966 2303 1041 2369 age-

51 2382 95 2461 u,
114 2398 188 2445 nou
205 2375 338 2443 multum
356 2378 562 2458 adiuvabant,
581 2377 669 2444 ulteri
687 2398 752 2443 non
768 2376 892 2465 magnis
909 2375 1041 2443 faculta-

51 2480 105 2555 te,
124 2470 219 2558 quod
235 2470 345 2538 civitas
364 2482 430 2539 erat
448 2472 563 2560 exigua
580 2481 612 2538 et
628 2470 765 2550 infirma,
784 2471 938 2549 celeriter,
956 2470 1041 2556 quod

51 2575 204 2644 merum,
232 2577 503 2653 consumpserunt.
548 2589 671 2634 summa
697 2564 880 2632 difficultate
905 2565 952 2632 rei
976 2565 1042 2631 fru-

51 2660 185 2733 ntariae
203 2659 317 2728 affecto
335 2661 474 2728 exercitu
491 2662 641 2729 tenuitate
658 2661 825 2742 Boiorum,
846 2661 1042 2750 indiligentia

51 2757 232 2847 „duorum
249 2754 400 2822 incendiis
415 2754 636 2835 aedificiorum,
654 2777 755 2842 usque
769 2778 807 2823 eo
820 2756 1041 2844 utcomplures

51 2848 217 2921 baumes
238 2848 396 2917 frumento
418 2850 574 2917 caruerint
596 2859 627 2916 et
648 2872 760 2937 pecore
778 2874 796 2918 e
816 2850 1043 2941 longinquiori-

51 2964 70 3037 μ
96 2942 184 3010 vicis
211 2943 336 3024 adacto,
363 2953 536 3011 extremam
561 2943 679 3011 famem
706 2955 930 3025 sustentarent,
956 2945 1044 3011 nulla

51 3054 119 3133 pen
141 3057 208 3102 vox
230 3046 278 3105 est
298 3038 339 3105 ab
360 3039 400 3106 iia
422 3040 529 3106 audita
548 3039 658 3127 populi
674 3039 810 3106 Romani
831 3039 994 3106 maiestate
1011 3047 1043 3104 et

51 3128 233 3231 purioribus
248 3132 385 3199 victoriis
403 3133 543 3221 indigna
578 3134 655 3219 quin
672 3135 767 3200 etiam
785 3132 993 3201 Caesareum
1010 3131 1044 3196 in

51 3244 109 3321 με
128 3225 271 3314 singulus
289 3226 429 3314 legiones
448 3228 619 3315 appellaret
637 3239 682 3307 et,
701 3229 729 3294 si
746 3226 889 3294 acerbius
905 3225 1044 3311 inopiam

51 3320 148 3401 kent,
176 3335 211 3386 se
237 3320 439 3388 dimissurum
461 3323 727 3412 oppugnationem
749 3322 879 3399 diceret,
906 3319 1045 3387 universi

51 3424 124 3507 ²teo,
142 3435 184 3480 ue
200 3413 234 3479 id
250 3414 376 3495 faceret,
395 3416 557 3503 petebant:
577 3418 622 3483 sio
640 3439 675 3483 se
688 3415 864 3503 complures
877 3437 977 3482 annos
990 3414 1044 3482 illo

160 3516 191 3574 te
215 3509 382 3590 meruisse,
413 3520 449 3576 ut
478 3512 597 3577 nullam
627 3510 831 3598 ignominiam
858 3509 1043 3598 acciperent,

51 3520 176 3693 min
191 3602 309 3671 infecta
328 3626 363 3671 re
385 3605 595 3671 discederent:
622 3604 683 3670 hoc
701 3626 735 3672 se
756 3603 947 3691 ignominiae
963 3603 1059 3670 latu-'

51 3695 177 3785 luluco,
205 3698 233 3765 si
253 3699 410 3787 inceptam
432 3698 697 3788 oppugnationem
717 3699 929 3784 reliquissent:
955 3720 1045 3784 prae-

51 3792 104 3871 hre
115 3813 225 3860 omnes
237 3793 375 3881 perferre
388 3795 582 3872 acerbitates,
601 3815 696 3879 quam
713 3817 778 3862 nou
794 3794 915 3861 civibus
927 3792 1046 3859 Roma-

98 3886 151 3972 qui
170 3881 290 3954 Cenabi
306 3887 437 3975 perfidia
452 3886 615 3957 Gallorum
632 3888 820 3969 interissent,
837 3896 1044 3975 percuterent

115 3980 226 4048 eadem
243 3982 475 4052 centurionibus
490 3983 687 4073 tribunisque
698 3984 838 4052 militum
845 3980 1053 4061 mandabant,

61 4087 120 4149 per
135 4093 191 4138 eos
201 4074 246 4140 ad
258 4072 432 4147 Gaesarem
447 4079 663 4154 deferrentur.
691 4081 957 4154 cumiamtuuro
966 4086 1078 4144 turrae
1090 4089 1131 4141 nu
