2414 4336
401 251 701 319 demumr-e
997 240 1062 311 115

63 368 192 465 quein
208 380 304 446 tantis
320 379 568 456 dissensionibus
586 381 628 447 ad
644 379 815 448 exercitum
832 379 937 447 venire
954 401 1058 466 posse.

63 470 99 549 ir
120 473 254 585 imprdsi
275 473 451 554 occasione,
477 475 532 559 qui
552 475 615 541 iam
635 484 712 542 ante
738 496 772 543 se
796 473 904 562 populi
924 474 1059 541 Romani

63 552 170 773 {aa
150 568 356 635 csubiectos
382 569 536 648 dolerent,
571 569 699 637 liberius
725 578 819 656 etque
844 569 993 636 audacius
1020 570 1060 635 de

144 663 308 730 consilia
298 663 376 730 mire
396 664 557 751 incipiunt
600 663 725 731 indictis
746 665 828 731 inter
848 686 883 732 se
903 663 1059 751 principes

63 740 164 833 'ulliae
182 757 321 825 conciliis
340 757 534 825 silvestribus
552 781 589 825 ac
604 759 731 826 remotis
748 758 825 826 locis
839 767 1008 844 queruntur
1020 757 1060 824 de

63 853 180 921 monis
202 861 316 932 morte3
341 874 436 939 posse
452 853 536 919 hunc
558 875 666 920 casum
687 854 753 920 ad'
744 877 831 941 rpsos
852 854 989 921 recidere
1006 853 1060 919 de·

63 959 229 1026 somtrant3
247 948 433 1014 miserantur
450 969 647 1015 communem
665 945 787 1016 Gelliae
805 947 976 1028 fortunam
994 969 1060 1014 om-

63 1028 134 1108 ‘ntus
160 1040 434 1129 pollicitationibus
453 1064 497 1117 ac
521 1043 668 1128 praemiis
694 1043 881 1128 deposcunt,
907 1043 962 1128 qui
987 1040 1062 1108 belli

63 1130 164 1203 riflum
186 1135 303 1202 faciant
325 1145 357 1201 et
374 1136 423 1202 sui
440 1136 550 1222 cepitis
571 1136 709 1222 periculo
729 1134 866 1204 Galliam
885 1137 920 1202 in
935 1136 1061 1203 liberta-

63 1228 285 1298 !nvindicent.
329 1231 363 1295 in
374 1231 482 1317 primis
500 1230 653 1296 rationem
670 1254 740 1298 esse
753 1231 930 1298 habendam
943 1232 1058 1310 dicunt,

63 1319 225 1410 ,nusquam
242 1347 349 1390 eorum
367 1325 559 1390 clandestina
575 1325 706 1390 consilia
722 1325 852 1391 efferant
840 1334 904 1403 t,ur
923 1335 961 1390 ut
979 1324 1061 1392 Cae·

63 1408 102 1485 ἢν
111 1420 151 1486 ιιι
170 1419 309 1485 exercitu
325 1418 510 1486 intercludat
497 1429 556 1485 tur.
599 1419 633 1485 id
650 1441 720 1486 esse
738 1418 839 1498 facile,
858 1419 943 1505 quod
959 1440 1061 1503 neque

105 1536 182 1581 ones
209 1513 345 1579 audeant
365 1512 525 1579 absente
463 1522 648 1600 ttrmpera
649 1535 702 1581 ore
724 1536 764 1579 ex
784 1512 922 1580 hibernis
945 1513 1060 1600 egredi,

63 1511 171 1705 zue
162 1607 330 1694 imperator
346 1606 413 1672 sine
425 1606 582 1693 praesidio
599 1608 641 1673 ad
657 1606 797 1694 legiones
815 1606 976 1695 pervenire
988 1628 1062 1693 pos·

63 1699 279 1789 &postremo
299 1700 333 1766 ιι
350 1701 417 1767 acie
438 1711 597 1788 praestare
618 1701 763 1780 interfici,
786 1725 880 1787 quam
898 1723 961 1768 non
977 1711 1062 1768 vete-

63 1805 111 1865 Ιῐι
126 1797 202 1865 belli
218 1797 351 1884 gloriam
367 1796 617 1882 libertatemque,
639 1820 734 1883 quam
751 1822 771 1863 a
788 1797 956 1864 maioribus
974 1818 1063 1862 acce-

63 1892 145 1959 erint
159 1913 351 1979 recuperare.
387 1891 437 1958 his
454 1891 549 1958 rebus
567 1891 692 1978 agitatis
710 1892 893 1978 profitentur
907 1890 1061 1958 Carnutes
1080 1911 1095 1959 a

63 1995 74 2047 t
104 1985 225 2059 nullum
250 1985 422 2072 periculum
448 1987 622 2051 communis
654 1985 762 2051 salutis
793 2008 889 2051 causa
918 2007 1063 2052 recusare

63 2077 262 2166 *incipiesque
283 2101 323 2145 ex
344 2079 489 2146 omnibus
511 2079 628 2145 bellum
650 2078 788 2145 facturos
809 2078 995 2165 pollicentur
1020 2089 1060 2158 et,

63 2175 193 2245 uoniam
208 2173 433 2260 inpraesentia
450 2173 611 2240 obsidibus
630 2195 739 2238 cavere
757 2174 838 2239 inter
856 2195 890 2239 se
907 2195 971 2239 non
986 2194 1060 2259 pos-

63 2277 117 2348 ιιι,
133 2289 174 2334 ne
189 2290 241 2334 res
258 2267 367 2334 efferat
354 2277 413 2346 tur,
431 2277 466 2335 ut
482 2267 679 2334 iureiurando
697 2288 734 2332 ac
750 2266 813 2333 fide
827 2267 945 2333 sanciat
945 2290 991 2345 ur,
1009 2289 1064 2377 pe-

63 2371 128 2442 ιιι,
150 2361 271 2429 collatis
288 2361 516 2428 militaribus
491 2362 604 2449 signis,
626 2382 689 2446 quo
711 2382 798 2428 more
820 2382 927 2427 eorum
943 2361 1065 2448 gravis-

63 2448 126 2523 ima
141 2456 327 2522 caerimonia
345 2456 526 2534 continetur,
544 2479 584 2521 ne
601 2455 707 2523 facto'
698 2455 785 2521 mitio
798 2455 872 2522 belli
884 2455 924 2522 ab
937 2455 1064 2540 reliquis

63 2559 235 2619 eserantur.
278 2561 346 2617 tum
363 2550 545 2617 collaudatis
564 2549 756 2617 Carnutibus
775 2551 848 2617 dato
865 2550 1064 2617 iureiurando

63 2643 261 2725 bomnibus,
284 2668 338 2731 qur
328 2646 496 2725 aderant,
520 2656 658 2732 tempore
680 2646 747 2713 eius
768 2647 815 2712 rei
836 2647 950 2713 constit
950 2656 1003 2713 ute
1024 2646 1064 2714 ab

63 2739 177 2806 toncilio
195 2740 373 2807 disceditur.
412 2739 467 2806 ubi
484 2762 522 2806 ea
538 2740 605 2806 dies
622 2741 716 2820 venit,
736 2740 890 2809 Carnutes
911 2738 1064 2808 Gutruato
1083 2761 1098 2810 s

63 2841 82 2899 ιι
97 2832 414 2902 Conconnetodumno
432 2833 578 2912 ducibus,
601 2835 772 2921 desperatis
790 2835 981 2914 hominibus,
1006 2831 1066 2900 Oe·

63 2926 164 3001 tabum
180 2927 253 2994 dato
271 2927 361 3015 signo
379 2937 567 2994 concurrunt
585 2927 731 3013 civesque
748 2929 922 3008 Romanos,
941 2928 996 3013 qui
1011 2950 1066 2994 ne·

63 3021 186 3107 gotiandi
216 3042 312 3088 causa
340 3020 384 3087 ibi
415 3021 628 3101 constiterant,
659 3023 693 3087 in
722 3023 771 3090 his
799 3020 915 3090 Gaium
939 3021 1065 3088 Fufium

63 3112 161 3195 Citam,
180 3115 347 3182 honestum
364 3116 500 3201 equitem
511 3115 699 3195 Romanum,
718 3119 773 3202 qui
788 3116 835 3183 rei
847 3115 1065 3182 frumentariae

63 3232 135 3278 ussu
154 3210 300 3278 Caesaris
317 3220 471 3299 praeerat,
497 3211 686 3277 interficiunt
702 3212 847 3296 bonaque
868 3231 976 3276 eorum
993 3209 1066 3276 diri·

63 3304 143 3388 tiunt.
170 3305 310 3371 celeriter
326 3305 368 3371 ad
385 3327 492 3371 omnes
507 3303 629 3373 Galliae
643 3306 783 3372 civitates
800 3303 886 3370 fama
901 3302 1064 3391 perfertur.

63 3423 118 3468 um
136 3400 325 3486 ubicumque
341 3401 441 3466 maior
456 3410 549 3486 atque
561 3401 710 3467 illustrior
725 3399 834 3466 incidit
851 3420 912 3478 res,
931 3397 1065 3466 clamore

63 3516 100 3565 ter
117 3519 212 3584 agros
229 3495 433 3583 regionesque
456 3495 630 3582 significant
635 3519 645 3574 3
671 3494 755 3559 hunc
772 3493 825 3561 alii
846 3493 993 3581 deinceps
1011 3517 1065 3560 ex·

63 3592 166 3680 ipiunt
187 3601 219 3656 et
238 3591 399 3676 proxumis
421 3589 559 3668 uadunt,
586 3599 622 3654 ut
642 3598 709 3652 tum
731 3587 852 3654 accidit
895 3611 969 3654 nam
984 3610 1066 3674 quae

63 3683 174 3754 lenabi
191 3685 307 3750 oriente
326 3685 391 3751 sole
408 3693 498 3771 gesta
515 3691 633 3761 essent,
652 3691 724 3748 ante
740 3683 874 3770 primam
891 3683 1066 3749 confectam

63 3781 187 3872 igilium
208 3779 241 3844 in
261 3777 376 3846 finibus
398 3778 612 3844 Arvernorum
637 3777 743 3843 audita
769 3787 855 3858 sunt,
883 3777 969 3863 quod
994 3799 1066 3864 spa·

64 3899 125 3945 um
142 3883 192 3941 est
208 3873 329 3940 milium
346 3873 466 3940 circiter
483 3871 591 3940 CLX
627 3872 721 3938 simili
737 3873 856 3939 ratione
873 3871 917 3938 ibi
934 3869 1065 3940 Vercin-
1082 3890 1100 3938 4

63 3969 184 4048 etorix,
208 3967 323 4036 Celtilli
339 3968 436 4047 filius,
458 3965 634 4047 Arvernus,
658 3989 798 4034 summae
814 3967 972 4054 potentiae
988 3968 1065 4035 adu·

63 4087 185 4144 ascens,
204 4063 292 4131 cuius
309 4073 398 4154 pater
413 4061 619 4152 principatum
638 4060 760 4132 Galliae
776 4060 1064 4219 tetiuppbmuem
1166 4140 1173 4193 ἱ
