2414 4336
168 298 230 364 122
483 311 536 367 DE
554 309 682 367 BELLO
702 297 874 369 GALLIOO

166 437 476 523 appropinquassent,
496 459 536 501 ex
553 437 683 522 captivis
703 434 823 502 Caesar
840 435 1005 522 cognovit,
1024 430 1099 499 Verc'

166 529 298 618 torigem
316 539 501 619 consumpto
519 528 635 617 pabulo
653 539 755 596 castra
772 529 914 595 movisse
931 528 1062 616 propius
1077 524 1099 592 A

166 647 238 691 cum
263 633 356 711 atque
377 626 482 711 ipsum
508 647 580 690 curn
606 625 746 710 equitatu
772 623 1011 710 expeditisque,
1037 621 1086 707 qui

166 720 286 806 equites
303 719 448 806 proeliari
464 728 682 799 consuessent,
709 719 896 785 insidiarum
918 740 1020 785 eausa
1039 737 1099 803 eop

166 824 265 894 ctum,
292 835 353 899 quo
375 823 499 881 nosnos
521 825 647 902 postero
670 816 720 881 die
737 813 923 901 pabulatum
946 823 1091 879 venturos

166 917 306 976 traretur.
331 978 335 991 ,
350 908 464 993 quibus
481 908 576 975 rebus
594 909 727 997 cognitis
745 908 849 974 media
866 921 964 974 nocte
987 907 1099 974 silentio

166 1003 267 1070 fectus
284 1002 326 1068 ad
342 1001 480 1069 hostium
497 1013 601 1069 castra
616 1025 709 1069 manc
726 1002 880 1090 pervenit.
916 1001 968 1067 illi
986 1001 1099 1072 celerite

167 1095 377 1183 exploratores
395 1098 532 1162 adventu
550 1095 697 1164 Caesaris
720 1095 846 1184 cognito
864 1118 976 1163 carros
994 1095 1099 1184 impedi

167 1200 260 1276 taque
283 1212 341 1257 sua
360 1191 395 1256 in
415 1191 544 1257 artiores
563 1191 658 1257 silvas
680 1191 881 1271 abdiderunt,
906 1192 1021 1279 copias
1043 1213 1099 1257 cnr

166 1285 236 1352 loco
246 1285 328 1352 edito
343 1294 436 1370 atque
447 1297 555 1372 aperto
567 1287 789 1352 instnrxerunt.
808 1306 914 1370 quare
923 1283 1099 1352 nuntiata-C

121 1399 150 1448 re
170 1381 310 1448 celeriter
328 1381 465 1447 sarcinas
485 1380 627 1459 conferri,
646 1403 733 1447 arma
746 1380 886 1467 expediri
897 1380 1007 1447 iussit
1033 1380 1099 1446 colli

167 1477 277 1542 leniter
294 1475 334 1542 ab
351 1474 459 1541 infimo
476 1475 612 1541 acclivis.
645 1475 729 1541 hunc
747 1496 787 1540 ex
803 1473 954 1542 omnibus
974 1475 1044 1541 fere
1058 1496 1099 1562 pa

167 1571 257 1658 palus
275 1569 412 1636 difficilis
429 1578 524 1653 atque
540 1569 690 1656 impedita
707 1566 852 1657 cingebat
869 1591 937 1634 non
954 1568 1051 1635 latior
1065 1591 1099 1656 pe

168 1665 403 1752 quinquaginta.
451 1663 512 1728 hoc
543 1685 578 1728 se
608 1662 686 1729 colle
714 1663 897 1750 interruptis
928 1663 1083 1749 pontibus

168 1757 283 1823 fiducia
299 1757 360 1823 loci
373 1758 573 1824 continebant
586 1758 819 1845 generatimque
832 1757 998 1823 distributi
1011 1759 1046 1823 in
1060 1759 1099 1823 cir

169 1852 273 1919 omnia
289 1851 372 1917 vada
389 1873 426 1917 ac
443 1850 565 1918 *saltus
584 1852 651 1919 eius
668 1849 816 1939 paludis*l
834 1850 1025 1919 obtinebant
1039 1853 1099 1918 sict

168 1947 282 2033 parati,
305 1955 354 2024 ut,
377 1946 404 2012 si
422 1969 492 2012 earn
509 1947 656 2034 paludem
672 1946 809 2012 Romani
824 1967 1035 2033 perrumpere
1053 1969 1099 2013 cor

169 2049 228 2120 tur,
246 2039 436 2107 haesitantes
454 2049 629 2127 premerent
647 2062 687 2107 ex
703 2040 773 2106 loeo
792 2041 970 2126 superiore,
988 2051 1041 2121 ut,
1059 2044 1099 2127 qu

168 2135 373 2222 pinquitatem
395 2134 457 2200 loci
478 2135 610 2213 videret,
636 2144 762 2221 paratos
785 2156 882 2222 prope
904 2157 1013 2222 aequo
1035 2136 1099 2201 Mar

169 2229 382 2295 dimicandum
401 2229 604 2308 existimaret,
628 2229 683 2313 qui
699 2229 895 2313 iniquitatem
913 2230 1099 2297 condicionis

170 2325 311 2411 spiceret,
329 2325 415 2389 inani
433 2322 628 2389 simulatione
647 2345 716 2388 sese
735 2331 890 2389 ostentare
908 2345 1099 2412 cognoscere

169 2419 334 2505 dignantes
352 2417 465 2483 milites
485 2416 617 2494 Caesar,
644 2417 728 2501 quod
751 2426 957 2504 conspectum
981 2418 1099 2485 suuml

169 2514 251 2579 ferre
271 2522 400 2600 possent
422 2513 541 2578 tantulo
564 2512 665 2599 spatio
687 2513 861 2591 interiecto,
887 2522 921 2578 et
945 2513 1099 2601 signum}

170 2617 374 2696 exposcentes
402 2608 524 2687 edocet,
552 2615 668 2691 quanto
696 2606 880 2672 detrimento
908 2616 941 2672 et
962 2619 1044 2693 quot
1064 2608 1099 2672 vir

169 2702 298 2768 fortium
318 2710 418 2767 morte
439 2724 569 2768 necesse
592 2702 632 2767 sit
654 2711 796 2768 constare
817 2701 1000 2780 victoriam3
1028 2725 1099 2787 quos

171 2797 216 2862 sic
233 2797 337 2862 animo
354 2807 479 2883 paratos
497 2797 611 2874 videat,
629 2805 664 2860 ut
680 2796 800 2860 nullum
818 2817 875 2881 pro
894 2818 954 2860 sua
969 2795 1099 2882 laudep

170 2893 236 2958 lum
252 2902 410 2970 recusent,
439 2914 579 2959 summae
603 2914 637 2957 se
659 2891 830 2975 iniquitatis
852 2891 1059 2958 condemnari
1075 2892 1099 2956 d«

170 2987 231 3054 nisi
248 3010 355 3054 eorum
372 2988 468 3053 vitam
488 3011 546 3054 sua
564 2987 663 3054 salute
680 2986 795 3052 habeat
812 2986 975 3052 cariorem.
1024 2988 1099 3053 sien

171 3083 348 3149 consolatus
372 3083 482 3149 eodem
504 3083 554 3148 die
576 3082 697 3148 reducit
714 3081 747 3145 in
770 3089 872 3146 castra
892 3081 1090 3167 reliquaque,

171 3178 212 3244 ad
229 3178 493 3265 oppugnationem
510 3176 707 3263 pertinebant
725 3175 845 3262 oppidi,
869 3175 1090 3243 administrare

121 3272 239 3337 tatuit.
280 3272 527 3359 Vercingetorix,
547 3293 619 3336 cum
636 3271 676 3336 ad
695 3292 769 3336 suos
786 3269 929 3350 redisset,
949 3271 1099 3356 proditioc

173 3366 349 3445 simulatus,
377 3366 462 3452 quod
479 3375 581 3431 castra
597 3366 725 3452 propius
744 3365 905 3431 Romanos
924 3367 1091 3445 movisset,

172 3483 244 3527 cum
262 3463 346 3527 omni
364 3463 503 3547 equitatu
520 3462 731 3540 discessisset,
756 3462 841 3545 quod
859 3461 927 3527 sine
945 3460 1099 3549 imperial

160 3555 279 3645 ‚copias
300 3556 491 3640 reliquisset,
519 3557 604 3641 quod
625 3557 692 3622 eius
714 3556 858 3622 discessu
874 3554 1016 3621 Romani
1036 3565 1099 3622 tant

171 3650 359 3738 portunitate
382 3661 413 3716 et
434 3651 590 3717 celeritate
613 3651 786 3717 venissent:
814 3672 879 3715 non
905 3649 987 3715 haec
1009 3651 1099 3716 omni

172 3745 250 3811 tuito
277 3754 332 3810 aut
358 3745 425 3812 sine
452 3745 582 3812 consilio
610 3745 750 3811 accidere
772 3745 927 3831 potuisse3
954 3767 1090 3833 regnum

174 3836 296 3906 Galliae
322 3838 415 3904 malla
443 3837 588 3906 Caesaris
616 3860 767 3906 concessu
794 3860 889 3924 quarn
915 3838 1099 3925 ipsorumb

170 3934 338 4002 beneficio:
364 3933 421 4000 tali
444 3935 539 4001 modo
563 3943 728 4001 accusatus
749 3935 791 3999 ad
811 3933 890 4000 haec
909 3936 1086 4021 respondit:

162 4039 270 4099 castra
287 4031 464 4111 movisset,
486 4029 612 4098 lactum
624 4030 738 4115 inopia
748 4026 864 4112 pabula
875 4027 1099 4111 etiam'xpt'osb

101 4118 108 4157 ⁵
155 4123 248 4195 tibus
251 4153 263 4211 ,·
283 4127 379 4216 quod
397 4125 538 4216 propius
553 4124 729 4191 Romanos
745 4116 1099 4198 accessisset,persoas
