<?xml version="1.0" encoding="UTF-8"?>
<!DOCTYPE html PUBLIC "-//W3C//DTD XHTML 1.0 Transitional//EN"
    "http://www.w3.org/TR/xhtml1/DTD/xhtml1-transitional.dtd">
<html xmlns="http://www.w3.org/1999/xhtml" xml:lang="en" lang="en">
 <head>
  <title>
</title>
<meta http-equiv="Content-Type" content="text/html;charset=utf-8" />
  <meta name='ocr-system' content='tesseract 3.04.00' />
  <meta name='ocr-capabilities' content='ocr_page ocr_carea ocr_par ocr_line ocrx_word'/>
</head>
<body>
  <div class='ocr_page' id='page_1' title='image "./ciuliicaesarisc01krangoog_0103.png"; bbox 0 0 2414 4336; ppageno 0'>
   <div class='ocr_carea' id='block_1_1' title="bbox 345 270 1054 344">
    <p class='ocr_par' dir='ltr' id='par_1_1' title="bbox 345 270 1054 344">
     <span class='ocr_line' id='line_1_1' title="bbox 345 270 1054 344; baseline -0.008 0"><span class='ocrx_word' id='word_1_1' title='bbox 345 311 352 322; x_wconf 89' lang='lat'><strong>·</strong></span> <span class='ocrx_word' id='word_1_2' title='bbox 393 285 511 344; x_wconf 79' lang='lat' dir='ltr'>COMM.</span> <span class='ocrx_word' id='word_1_3' title='bbox 528 285 578 344; x_wconf 85' lang='lat' dir='ltr'>VL</span> <span class='ocrx_word' id='word_1_4' title='bbox 596 285 681 342; x_wconf 85' lang='grc'><strong>1-6.</strong></span> <span class='ocrx_word' id='word_1_5' title='bbox 1009 270 1054 338; x_wconf 81' lang='grc'>97</span> 
     </span>
    </p>
   </div>
   <div class='ocr_carea' id='block_1_2' title="bbox 75 407 1087 1891">
    <p class='ocr_par' dir='ltr' id='par_1_2' title="bbox 75 407 1087 1891">
     <span class='ocr_line' id='line_1_2' title="bbox 75 407 1052 482; baseline -0.005 -2"><span class='ocrx_word' id='word_1_6' title='bbox 75 411 187 482; x_wconf 87' lang='lat' dir='ltr'>ilium</span> <span class='ocrx_word' id='word_1_7' title='bbox 206 410 374 476; x_wconf 78' lang='lat' dir='ltr'><strong>Lutetiam</strong></span> <span class='ocrx_word' id='word_1_8' title='bbox 390 408 582 477; x_wconf 83' lang='lat' dir='ltr'>Parisiorum</span> <span class='ocrx_word' id='word_1_9' title='bbox 605 408 760 476; x_wconf 77' lang='lat' dir='ltr'><strong>transfert.</strong></span> <span class='ocrx_word' id='word_1_10' title='bbox 804 407 942 476; x_wconf 83' lang='lat' dir='ltr'>confines</span> <span class='ocrx_word' id='word_1_11' title='bbox 964 416 1052 476; x_wconf 89' lang='lat' dir='ltr'>erant</span> 
     </span>
     <span class='ocr_line' id='line_1_3' title="bbox 75 503 1084 593; baseline -0.004 -20"><span class='ocrx_word' id='word_1_12' title='bbox 75 505 256 573; x_wconf 87' lang='lat' dir='ltr'>enonibus</span> <span class='ocrx_word' id='word_1_13' title='bbox 275 503 494 591; x_wconf 76' lang='lat' dir='ltr'>civitatemque</span> <span class='ocrx_word' id='word_1_14' title='bbox 510 514 635 593; x_wconf 86' lang='lat' dir='ltr'>patrum</span> <span class='ocrx_word' id='word_1_15' title='bbox 652 503 802 571; x_wconf 87' lang='lat' dir='ltr'>memoria</span> <span class='ocrx_word' id='word_1_16' title='bbox 818 503 1050 584; x_wconf 85' lang='lat' dir='ltr'>coniunxerant,</span> <span class='ocrx_word' id='word_1_17' title='bbox 1082 538 1084 543; x_wconf 95' lang='lat'>·</span> 
     </span>
     <span class='ocr_line' id='line_1_4' title="bbox 81 597 1054 686; baseline -0.004 -18"><span class='ocrx_word' id='word_1_18' title='bbox 81 599 133 668; x_wconf 85' lang='lat' dir='ltr'>ab</span> <span class='ocrx_word' id='word_1_19' title='bbox 159 601 231 667; x_wconf 90' lang='lat' dir='ltr'>hoo</span> <span class='ocrx_word' id='word_1_20' title='bbox 252 598 382 666; x_wconf 88' lang='lat' dir='ltr'>consilio</span> <span class='ocrx_word' id='word_1_21' title='bbox 404 598 522 666; x_wconf 79' lang='lat' dir='ltr'>afuisse</span> <span class='ocrx_word' id='word_1_22' title='bbox 549 599 813 667; x_wconf 80' lang='lat' dir='ltr'>existimabantur.</span> <span class='ocrx_word' id='word_1_23' title='bbox 856 597 916 664; x_wconf 86' lang='lat' dir='ltr'>hac</span> <span class='ocrx_word' id='word_1_24' title='bbox 941 620 975 664; x_wconf 91' lang='lat' dir='ltr'>re</span> <span class='ocrx_word' id='word_1_25' title='bbox 995 621 1054 686; x_wconf 91' lang='lat' dir='ltr'>pro</span> 
     </span>
     <span class='ocr_line' id='line_1_5' title="bbox 75 689 1054 787; baseline -0.002 -26"><span class='ocrx_word' id='word_1_26' title='bbox 75 704 179 787; x_wconf 70' lang='lat' dir='ltr'>gestu</span> <span class='ocrx_word' id='word_1_27' title='bbox 196 693 400 780; x_wconf 85' lang='lat' dir='ltr'>pronuntiata</span> <span class='ocrx_word' id='word_1_28' title='bbox 418 693 529 759; x_wconf 91' lang='lat' dir='ltr'>eodem</span> <span class='ocrx_word' id='word_1_29' title='bbox 546 694 597 759; x_wconf 93' lang='lat' dir='ltr'>die</span> <span class='ocrx_word' id='word_1_30' title='bbox 615 715 687 759; x_wconf 91' lang='lat' dir='ltr'>cum</span> <span class='ocrx_word' id='word_1_31' title='bbox 708 692 883 781; x_wconf 84' lang='lat' dir='ltr'>legionibus</span> <span class='ocrx_word' id='word_1_32' title='bbox 901 692 935 758; x_wconf 93' lang='lat' dir='ltr'>in</span> <span class='ocrx_word' id='word_1_33' title='bbox 952 689 1054 759; x_wconf 86' lang='lat' dir='ltr'>Seno·</span> 
     </span>
     <span class='ocr_line' id='line_1_6' title="bbox 76 786 1087 877; baseline 0.001 -22"><span class='ocrx_word' id='word_1_34' title='bbox 76 788 310 877; x_wconf 83' lang='lat' dir='ltr'>proficiscitur</span> <span class='ocrx_word' id='word_1_35' title='bbox 326 789 512 876; x_wconf 86' lang='lat' dir='ltr'>magnisque</span> <span class='ocrx_word' id='word_1_36' title='bbox 524 787 686 855; x_wconf 77' lang='lat' dir='ltr'>itineribus</span> <span class='ocrx_word' id='word_1_37' title='bbox 699 809 738 854; x_wconf 92' lang='lat' dir='ltr'>eo</span> <span class='ocrx_word' id='word_1_38' title='bbox 750 787 900 875; x_wconf 89' lang='lat' dir='ltr'>pervenit.</span> <span class='ocrx_word' id='word_1_39' title='bbox 927 786 1052 875; x_wconf 86' lang='lat' dir='ltr'>cognito</span> <span class='ocrx_word' id='word_1_40' title='bbox 1069 807 1087 857; x_wconf 79' lang='lat'><em>4</em></span> 
     </span>
     <span class='ocr_line' id='line_1_7' title="bbox 75 880 1053 970; baseline 0.001 -25"><span class='ocrx_word' id='word_1_41' title='bbox 75 925 79 945; x_wconf 85' lang='lat'>.</span> <span class='ocrx_word' id='word_1_42' title='bbox 98 883 254 949; x_wconf 82' lang='lat' dir='ltr'>adventu</span> <span class='ocrx_word' id='word_1_43' title='bbox 265 881 365 960; x_wconf 90' lang='lat' dir='ltr'>Acco,</span> <span class='ocrx_word' id='word_1_44' title='bbox 384 883 438 967; x_wconf 94' lang='lat' dir='ltr'>qui</span> <span class='ocrx_word' id='word_1_45' title='bbox 454 883 599 970; x_wconf 88' lang='lat' dir='ltr'>princeps</span> <span class='ocrx_word' id='word_1_46' title='bbox 618 883 685 949; x_wconf 92' lang='lat' dir='ltr'>eius</span> <span class='ocrx_word' id='word_1_47' title='bbox 703 881 825 950; x_wconf 89' lang='lat' dir='ltr'>consilii</span> <span class='ocrx_word' id='word_1_48' title='bbox 837 882 948 962; x_wconf 87' lang='lat' dir='ltr'>fuerat,</span> <span class='ocrx_word' id='word_1_49' title='bbox 966 880 1053 947; x_wconf 91' lang='lat' dir='ltr'>iubet</span> 
     </span>
     <span class='ocr_line' id='line_1_8' title="bbox 75 975 1054 1080; baseline 0 -38"><span class='ocrx_word' id='word_1_50' title='bbox 75 976 196 1080; x_wconf 62' lang='lat' dir='ltr'>ppida</span> <span class='ocrx_word' id='word_1_51' title='bbox 213 975 444 1042; x_wconf 86' lang='lat' dir='ltr'>multitudinem</span> <span class='ocrx_word' id='word_1_52' title='bbox 457 977 631 1043; x_wconf 80' lang='lat' dir='ltr'>convenire.</span> <span class='ocrx_word' id='word_1_53' title='bbox 659 976 853 1058; x_wconf 89' lang='lat' dir='ltr'>conantibus,</span> <span class='ocrx_word' id='word_1_54' title='bbox 871 976 1054 1064; x_wconf 86' lang='lat' dir='ltr'>priusquam</span> 
     </span>
     <span class='ocr_line' id='line_1_9' title="bbox 75 1070 1055 1158; baseline 0.001 -20"><span class='ocrx_word' id='word_1_55' title='bbox 75 1070 166 1138; x_wconf 70' lang='lat' dir='ltr'>offici</span> <span class='ocrx_word' id='word_1_56' title='bbox 188 1078 312 1158; x_wconf 88' lang='lat' dir='ltr'>posset,</span> <span class='ocrx_word' id='word_1_57' title='bbox 340 1071 452 1137; x_wconf 88' lang='lat' dir='ltr'>adesse</span> <span class='ocrx_word' id='word_1_58' title='bbox 473 1071 635 1138; x_wconf 88' lang='lat' dir='ltr'>Romanos</span> <span class='ocrx_word' id='word_1_59' title='bbox 660 1072 827 1138; x_wconf 90' lang='lat' dir='ltr'>nuntiatur.</span> <span class='ocrx_word' id='word_1_60' title='bbox 877 1072 1055 1139; x_wconf 89' lang='lat' dir='ltr'>necessario</span> 
     </span>
     <span class='ocr_line' id='line_1_10' title="bbox 134 1165 1055 1254; baseline 0.001 -22"><span class='ocrx_word' id='word_1_61' title='bbox 134 1167 185 1232; x_wconf 85' lang='lat' dir='ltr'>tia</span> <span class='ocrx_word' id='word_1_62' title='bbox 207 1165 362 1232; x_wconf 87' lang='lat' dir='ltr'>desistunt</span> <span class='ocrx_word' id='word_1_63' title='bbox 382 1165 566 1254; x_wconf 82' lang='lat' dir='ltr'>legatosque</span> <span class='ocrx_word' id='word_1_64' title='bbox 587 1167 775 1254; x_wconf 86' lang='lat' dir='ltr'>deprecandi</span> <span class='ocrx_word' id='word_1_65' title='bbox 797 1188 892 1233; x_wconf 89' lang='lat' dir='ltr'>causa</span> <span class='ocrx_word' id='word_1_66' title='bbox 914 1167 955 1232; x_wconf 90' lang='lat' dir='ltr'>ad</span> <span class='ocrx_word' id='word_1_67' title='bbox 972 1165 1055 1234; x_wconf 85' lang='lat' dir='ltr'>an-</span> 
     </span>
     <span class='ocr_line' id='line_1_11' title="bbox 83 1260 1053 1348; baseline 0.002 -22"><span class='ocrx_word' id='word_1_68' title='bbox 83 1332 88 1339; x_wconf 10' lang='grc' dir='ltr'><strong>ἶ</strong></span> <span class='ocrx_word' id='word_1_69' title='bbox 153 1261 295 1326; x_wconf 83' lang='lat' dir='ltr'>mittunt:</span> <span class='ocrx_word' id='word_1_70' title='bbox 322 1261 438 1327; x_wconf 92' lang='lat' dir='ltr'>adeunt</span> <span class='ocrx_word' id='word_1_71' title='bbox 458 1283 515 1348; x_wconf 92' lang='lat' dir='ltr'>per</span> <span class='ocrx_word' id='word_1_72' title='bbox 535 1260 703 1341; x_wconf 89' lang='lat' dir='ltr'>Haeduos,</span> <span class='ocrx_word' id='word_1_73' title='bbox 730 1282 862 1346; x_wconf 88' lang='lat' dir='ltr'>quorum</span> <span class='ocrx_word' id='word_1_74' title='bbox 884 1262 1053 1346; x_wconf 86' lang='lat' dir='ltr'>antiquitus</span> 
     </span>
     <span class='ocr_line' id='line_1_12' title="bbox 75 1332 1054 1443; baseline 0.002 -24"><span class='ocrx_word' id='word_1_75' title='bbox 75 1332 152 1431; x_wconf 66' lang='lat' dir='ltr'>lin</span> <span class='ocrx_word' id='word_1_76' title='bbox 172 1354 236 1419; x_wconf 87' lang='lat' dir='ltr'>fide</span> <span class='ocrx_word' id='word_1_77' title='bbox 258 1354 378 1420; x_wconf 87' lang='lat' dir='ltr'>civitae.</span> <span class='ocrx_word' id='word_1_78' title='bbox 421 1353 554 1421; x_wconf 91' lang='lat' dir='ltr'>libenter</span> <span class='ocrx_word' id='word_1_79' title='bbox 571 1354 691 1423; x_wconf 83' lang='lat' dir='ltr'>Caesar</span> <span class='ocrx_word' id='word_1_80' title='bbox 711 1354 888 1443; x_wconf 88' lang='lat' dir='ltr'>petentibus</span> <span class='ocrx_word' id='word_1_81' title='bbox 910 1353 1054 1421; x_wconf 85' lang='lat' dir='ltr'>Haeduis</span> 
     </span>
     <span class='ocr_line' id='line_1_13' title="bbox 75 1436 1055 1545; baseline 0 -32"><span class='ocrx_word' id='word_1_82' title='bbox 75 1436 228 1545; x_wconf 54' lang='lat' dir='ltr'>{veniam</span> <span class='ocrx_word' id='word_1_83' title='bbox 245 1448 540 1533; x_wconf 84' lang='lat' dir='ltr'>excusationemque</span> <span class='ocrx_word' id='word_1_84' title='bbox 558 1449 685 1536; x_wconf 90' lang='lat' dir='ltr'>accipit,</span> <span class='ocrx_word' id='word_1_85' title='bbox 704 1449 789 1534; x_wconf 94' lang='lat' dir='ltr'>quod</span> <span class='ocrx_word' id='word_1_86' title='bbox 805 1449 959 1516; x_wconf 85' lang='lat' dir='ltr'>aestivum</span> <span class='ocrx_word' id='word_1_87' title='bbox 976 1457 1055 1514; x_wconf 90' lang='lat' dir='ltr'>tem-</span> 
     </span>
     <span class='ocr_line' id='line_1_14' title="bbox 104 1539 1055 1627; baseline 0.001 -20"><span class='ocrx_word' id='word_1_88' title='bbox 104 1539 253 1607; x_wconf 84' lang='lat' dir='ltr'>instantis</span> <span class='ocrx_word' id='word_1_89' title='bbox 270 1541 358 1620; x_wconf 93' lang='lat' dir='ltr'>belli,</span> <span class='ocrx_word' id='word_1_90' title='bbox 376 1543 649 1627; x_wconf 78' lang='lat' dir='ltr'>conquaestionis</span> <span class='ocrx_word' id='word_1_91' title='bbox 668 1565 739 1610; x_wconf 88' lang='lat' dir='ltr'>esse</span> <span class='ocrx_word' id='word_1_92' title='bbox 756 1542 931 1609; x_wconf 85' lang='lat' dir='ltr'>arbitratur.</span> <span class='ocrx_word' id='word_1_93' title='bbox 970 1541 1055 1609; x_wconf 91' lang='lat' dir='ltr'>obsi·</span> 
     </span>
     <span class='ocr_line' id='line_1_15' title="bbox 75 1550 1053 1891; baseline -0.001 -188"><span class='ocrx_word' id='word_1_94' title='bbox 75 1550 302 1891; x_wconf 38' lang='lat' dir='ltr'>{imperatis</span> <span class='ocrx_word' id='word_1_95' title='bbox 328 1647 453 1704; x_wconf 92' lang='lat' dir='ltr'>centum</span> <span class='ocrx_word' id='word_1_96' title='bbox 473 1637 532 1705; x_wconf 91' lang='lat' dir='ltr'>hos</span> <span class='ocrx_word' id='word_1_97' title='bbox 549 1637 694 1704; x_wconf 88' lang='lat' dir='ltr'>Haeduis</span> <span class='ocrx_word' id='word_1_98' title='bbox 713 1638 933 1705; x_wconf 90' lang='lat' dir='ltr'>custodiendos</span> <span class='ocrx_word' id='word_1_99' title='bbox 951 1636 1053 1703; x_wconf 82' lang='lat' dir='ltr'>tradit</span> 
     </span>
    </p>
   </div>
   <div class='ocr_carea' id='block_1_3' title="bbox 116 1731 1055 1911">
    <p class='ocr_par' dir='ltr' id='par_1_3' title="bbox 116 1731 1055 1911">
     <span class='ocr_line' id='line_1_16' title="bbox 161 1731 1055 1820; baseline -0.002 -20"><span class='ocrx_word' id='word_1_100' title='bbox 161 1731 317 1800; x_wconf 84' lang='lat' dir='ltr'>Carnutes</span> <span class='ocrx_word' id='word_1_101' title='bbox 334 1731 455 1820; x_wconf 88' lang='lat' dir='ltr'>legatos</span> <span class='ocrx_word' id='word_1_102' title='bbox 473 1731 662 1818; x_wconf 88' lang='lat' dir='ltr'>obsidesque</span> <span class='ocrx_word' id='word_1_103' title='bbox 678 1733 817 1814; x_wconf 90' lang='lat' dir='ltr'>mittunt,</span> <span class='ocrx_word' id='word_1_104' title='bbox 841 1733 892 1800; x_wconf 92' lang='lat' dir='ltr'>usi</span> <span class='ocrx_word' id='word_1_105' title='bbox 908 1732 1055 1820; x_wconf 87' lang='lat' dir='ltr'>depreca-</span> 
     </span>
     <span class='ocr_line' id='line_1_17' title="bbox 116 1826 1055 1911; baseline 0 -20"><span class='ocrx_word' id='word_1_106' title='bbox 116 1848 151 1893; x_wconf 91' lang='lat' dir='ltr'>us</span> <span class='ocrx_word' id='word_1_107' title='bbox 168 1826 293 1906; x_wconf 86' lang='lat' dir='ltr'>Remis,</span> <span class='ocrx_word' id='word_1_108' title='bbox 320 1848 454 1911; x_wconf 90' lang='lat' dir='ltr'>quorum</span> <span class='ocrx_word' id='word_1_109' title='bbox 475 1836 563 1893; x_wconf 88' lang='lat' dir='ltr'>erant</span> <span class='ocrx_word' id='word_1_110' title='bbox 584 1827 618 1893; x_wconf 92' lang='lat' dir='ltr'>in</span> <span class='ocrx_word' id='word_1_111' title='bbox 636 1826 792 1894; x_wconf 83' lang='lat' dir='ltr'>clientela:</span> <span class='ocrx_word' id='word_1_112' title='bbox 819 1827 930 1896; x_wconf 86' lang='lat' dir='ltr'>eadem</span> <span class='ocrx_word' id='word_1_113' title='bbox 950 1826 1055 1892; x_wconf 80' lang='lat' dir='ltr'>ferrmt</span> 
     </span>
    </p>
   </div>
   <div class='ocr_carea' id='block_1_4' title="bbox 75 1919 1088 2454">
    <p class='ocr_par' dir='ltr' id='par_1_4' title="bbox 75 1919 1088 2454">
     <span class='ocr_line' id='line_1_18' title="bbox 162 1919 1055 2008; baseline 0 -23"><span class='ocrx_word' id='word_1_114' title='bbox 162 1944 192 1986; x_wconf 85' lang='lat' dir='ltr'>a.</span> <span class='ocrx_word' id='word_1_115' title='bbox 235 1921 358 2008; x_wconf 87' lang='lat' dir='ltr'>peragit</span> <span class='ocrx_word' id='word_1_116' title='bbox 382 1920 549 1987; x_wconf 91' lang='lat' dir='ltr'>concilium</span> <span class='ocrx_word' id='word_1_117' title='bbox 571 1919 691 1988; x_wconf 84' lang='lat' dir='ltr'>Caesar</span> <span class='ocrx_word' id='word_1_118' title='bbox 716 1921 1055 2008; x_wconf 87' lang='lat' dir='ltr'>equitesqueimperat</span> 
     </span>
     <span class='ocr_line' id='line_1_19' title="bbox 75 1924 1088 2454; baseline -0.003 -373"><span class='ocrx_word' id='word_1_119' title='bbox 75 1924 220 2454; x_wconf 52' lang='lat' dir='ltr'>Flam.</span> <span class='ocrx_word' id='word_1_120' title='bbox 263 2014 324 2081; x_wconf 90' lang='lat' dir='ltr'>hac</span> <span class='ocrx_word' id='word_1_121' title='bbox 344 2025 433 2103; x_wconf 87' lang='lat' dir='ltr'>parte</span> <span class='ocrx_word' id='word_1_122' title='bbox 455 2013 578 2083; x_wconf 84' lang='lat' dir='ltr'>Galliae</span> <span class='ocrx_word' id='word_1_123' title='bbox 599 2024 711 2104; x_wconf 87' lang='lat' dir='ltr'>pacata</span> <span class='ocrx_word' id='word_1_124' title='bbox 731 2025 816 2083; x_wconf 90' lang='lat' dir='ltr'>totus</span> <span class='ocrx_word' id='word_1_125' title='bbox 838 2026 869 2083; x_wconf 94' lang='lat' dir='ltr'>et</span> <span class='ocrx_word' id='word_1_126' title='bbox 893 2024 998 2082; x_wconf 89' lang='lat' dir='ltr'>mente</span> <span class='ocrx_word' id='word_1_127' title='bbox 1023 2023 1088 2080; x_wconf 80' lang='lat' dir='ltr'>ets</span> 
     </span>
    </p>
   </div>
   <div class='ocr_carea' id='block_1_5' title="bbox 75 2109 1091 4248">
    <p class='ocr_par' dir='ltr' id='par_1_5' title="bbox 75 2109 1091 4248">
     <span class='ocr_line' id='line_1_20' title="bbox 152 2109 1056 2198; baseline 0.001 -23"><span class='ocrx_word' id='word_1_128' title='bbox 152 2111 189 2176; x_wconf 90' lang='lat' dir='ltr'>in</span> <span class='ocrx_word' id='word_1_129' title='bbox 205 2109 324 2176; x_wconf 91' lang='lat' dir='ltr'>bellum</span> <span class='ocrx_word' id='word_1_130' title='bbox 341 2110 549 2178; x_wconf 71' lang='lat' dir='ltr'>&#39;lbererorum</span> <span class='ocrx_word' id='word_1_131' title='bbox 571 2121 603 2177; x_wconf 90' lang='lat' dir='ltr'>et</span> <span class='ocrx_word' id='word_1_132' title='bbox 619 2109 815 2198; x_wconf 81' lang='lat' dir='ltr'>Ambiorigis</span> <span class='ocrx_word' id='word_1_133' title='bbox 832 2111 956 2178; x_wconf 85' lang='lat' dir='ltr'>insistit</span> <span class='ocrx_word' id='word_1_134' title='bbox 992 2109 1056 2178; x_wconf 85' lang='lat' dir='ltr'>Oa·</span> 
     </span>
     <span class='ocr_line' id='line_1_21' title="bbox 88 2194 1055 2292; baseline 0 -22"><span class='ocrx_word' id='word_1_135' title='bbox 88 2194 101 2283; x_wconf 65' lang='lat' dir='ltr'><strong><em>f</em></strong></span> <span class='ocrx_word' id='word_1_136' title='bbox 117 2227 175 2270; x_wconf 92' lang='lat' dir='ltr'>um</span> <span class='ocrx_word' id='word_1_137' title='bbox 192 2224 265 2270; x_wconf 89' lang='lat' dir='ltr'>oum</span> <span class='ocrx_word' id='word_1_138' title='bbox 283 2205 422 2289; x_wconf 89' lang='lat' dir='ltr'>equitatu</span> <span class='ocrx_word' id='word_1_139' title='bbox 436 2202 597 2272; x_wconf 86' lang='lat' dir='ltr'>Senonum</span> <span class='ocrx_word' id='word_1_140' title='bbox 615 2226 722 2272; x_wconf 92' lang='lat' dir='ltr'>secum</span> <span class='ocrx_word' id='word_1_141' title='bbox 735 2204 890 2292; x_wconf 84' lang='lat' dir='ltr'>proficisci</span> <span class='ocrx_word' id='word_1_142' title='bbox 902 2203 997 2282; x_wconf 84' lang='lat' dir='ltr'>iubet,</span> <span class='ocrx_word' id='word_1_143' title='bbox 1015 2224 1055 2270; x_wconf 89' lang='lat' dir='ltr'>ne</span> 
     </span>
     <span class='ocr_line' id='line_1_22' title="bbox 90 2299 1056 2391; baseline -0.003 -25"><span class='ocrx_word' id='word_1_144' title='bbox 90 2386 93 2391; x_wconf 27' lang='grc' dir='ltr'>Ι</span> <span class='ocrx_word' id='word_1_145' title='bbox 120 2308 179 2366; x_wconf 89' lang='lat' dir='ltr'>aut</span> <span class='ocrx_word' id='word_1_146' title='bbox 200 2321 242 2365; x_wconf 86' lang='lat' dir='ltr'>ex</span> <span class='ocrx_word' id='word_1_147' title='bbox 262 2299 355 2366; x_wconf 87' lang='lat' dir='ltr'>huius</span> <span class='ocrx_word' id='word_1_148' title='bbox 371 2299 546 2380; x_wconf 81' lang='lat' dir='ltr'>iracundia,</span> <span class='ocrx_word' id='word_1_149' title='bbox 573 2309 628 2367; x_wconf 88' lang='lat' dir='ltr'>aut</span> <span class='ocrx_word' id='word_1_150' title='bbox 644 2321 685 2366; x_wconf 90' lang='lat' dir='ltr'>ex</span> <span class='ocrx_word' id='word_1_151' title='bbox 706 2321 758 2380; x_wconf 89' lang='lat' dir='ltr'>eo,</span> <span class='ocrx_word' id='word_1_152' title='bbox 785 2299 870 2384; x_wconf 94' lang='lat' dir='ltr'>quod</span> <span class='ocrx_word' id='word_1_153' title='bbox 891 2306 1056 2377; x_wconf 86' lang='lat' dir='ltr'>meruerat,</span> 
     </span>
     <span class='ocr_line' id='line_1_23' title="bbox 115 2391 1056 2479; baseline -0.004 -18"><span class='ocrx_word' id='word_1_154' title='bbox 115 2393 256 2461; x_wconf 84' lang='lat' dir='ltr'>civitatis</span> <span class='ocrx_word' id='word_1_155' title='bbox 273 2403 377 2460; x_wconf 91' lang='lat' dir='ltr'>motus</span> <span class='ocrx_word' id='word_1_156' title='bbox 396 2394 536 2461; x_wconf 86' lang='lat' dir='ltr'>exsistat</span> <span class='ocrx_word' id='word_1_157' title='bbox 579 2394 629 2461; x_wconf 90' lang='lat' dir='ltr'>his</span> <span class='ocrx_word' id='word_1_158' title='bbox 646 2393 741 2461; x_wconf 89' lang='lat' dir='ltr'>rebus</span> <span class='ocrx_word' id='word_1_159' title='bbox 759 2393 949 2472; x_wconf 90' lang='lat' dir='ltr'>constitutis,</span> <span class='ocrx_word' id='word_1_160' title='bbox 971 2391 1056 2479; x_wconf 89' lang='lat' dir='ltr'>quod</span> 
     </span>
     <span class='ocr_line' id='line_1_24' title="bbox 75 2487 1055 2577; baseline -0.003 -23"><span class='ocrx_word' id='word_1_161' title='bbox 75 2496 82 2540; x_wconf 70' lang='lat' dir='ltr'>t</span> <span class='ocrx_word' id='word_1_162' title='bbox 99 2488 268 2576; x_wconf 84' lang='lat' dir='ltr'>explorato</span> <span class='ocrx_word' id='word_1_163' title='bbox 284 2487 420 2554; x_wconf 88' lang='lat' dir='ltr'>habebat</span> <span class='ocrx_word' id='word_1_164' title='bbox 437 2487 655 2577; x_wconf 83' lang='lat' dir='ltr'>Ambiorigem</span> <span class='ocrx_word' id='word_1_165' title='bbox 672 2487 790 2576; x_wconf 90' lang='lat' dir='ltr'>proelio</span> <span class='ocrx_word' id='word_1_166' title='bbox 806 2509 871 2554; x_wconf 89' lang='lat' dir='ltr'>non</span> <span class='ocrx_word' id='word_1_167' title='bbox 888 2509 958 2555; x_wconf 90' lang='lat' dir='ltr'>esse</span> <span class='ocrx_word' id='word_1_168' title='bbox 981 2508 1055 2552; x_wconf 92' lang='lat' dir='ltr'>con-</span> 
     </span>
     <span class='ocr_line' id='line_1_25' title="bbox 75 2581 1054 2670; baseline -0.002 -20"><span class='ocrx_word' id='word_1_169' title='bbox 75 2581 238 2661; x_wconf 78' lang='lat' dir='ltr'>tatarum,</span> <span class='ocrx_word' id='word_1_170' title='bbox 264 2583 384 2668; x_wconf 87' lang='lat' dir='ltr'>reliqua</span> <span class='ocrx_word' id='word_1_171' title='bbox 405 2583 472 2650; x_wconf 92' lang='lat' dir='ltr'>eius</span> <span class='ocrx_word' id='word_1_172' title='bbox 495 2584 625 2650; x_wconf 89' lang='lat' dir='ltr'>consilia</span> <span class='ocrx_word' id='word_1_173' title='bbox 646 2584 750 2650; x_wconf 88' lang='lat' dir='ltr'>animo</span> <span class='ocrx_word' id='word_1_174' title='bbox 777 2581 1054 2670; x_wconf 89' lang='lat' dir='ltr'>circumspiciebat</span> 
     </span>
     <span class='ocr_line' id='line_1_26' title="bbox 75 2675 1055 2766; baseline 0 -24"><span class='ocrx_word' id='word_1_175' title='bbox 75 2687 115 2742; x_wconf 78' lang='lat' dir='ltr'>nt</span> <span class='ocrx_word' id='word_1_176' title='bbox 132 2675 280 2763; x_wconf 89' lang='lat' dir='ltr'>Menapii</span> <span class='ocrx_word' id='word_1_177' title='bbox 296 2677 463 2764; x_wconf 92' lang='lat' dir='ltr'>propinqui</span> <span class='ocrx_word' id='word_1_178' title='bbox 478 2676 665 2744; x_wconf 79' lang='lat' dir='ltr'>Eburonum</span> <span class='ocrx_word' id='word_1_179' title='bbox 682 2676 806 2757; x_wconf 87' lang='lat' dir='ltr'>finibus,</span> <span class='ocrx_word' id='word_1_180' title='bbox 825 2676 982 2766; x_wconf 84' lang='lat' dir='ltr'>perpetuis</span> <span class='ocrx_word' id='word_1_181' title='bbox 999 2699 1055 2764; x_wconf 87' lang='lat' dir='ltr'>pa·</span> 
     </span>
     <span class='ocr_line' id='line_1_27' title="bbox 75 2764 1056 2860; baseline 0.002 -24"><span class='ocrx_word' id='word_1_182' title='bbox 75 2764 159 2838; x_wconf 87' lang='lat' dir='ltr'>ibus</span> <span class='ocrx_word' id='word_1_183' title='bbox 182 2770 332 2855; x_wconf 81' lang='lat' dir='ltr'>silvisque</span> <span class='ocrx_word' id='word_1_184' title='bbox 354 2771 479 2852; x_wconf 92' lang='lat' dir='ltr'>muniti,</span> <span class='ocrx_word' id='word_1_185' title='bbox 506 2773 561 2856; x_wconf 91' lang='lat' dir='ltr'>qui</span> <span class='ocrx_word' id='word_1_186' title='bbox 581 2773 637 2837; x_wconf 93' lang='lat' dir='ltr'>uni</span> <span class='ocrx_word' id='word_1_187' title='bbox 663 2794 703 2838; x_wconf 90' lang='lat' dir='ltr'>ex</span> <span class='ocrx_word' id='word_1_188' title='bbox 725 2769 830 2840; x_wconf 82' lang='lat' dir='ltr'>Gallia</span> <span class='ocrx_word' id='word_1_189' title='bbox 850 2773 890 2838; x_wconf 91' lang='lat' dir='ltr'>de</span> <span class='ocrx_word' id='word_1_190' title='bbox 915 2793 993 2860; x_wconf 87' lang='lat' dir='ltr'>pace</span> <span class='ocrx_word' id='word_1_191' title='bbox 1015 2771 1056 2838; x_wconf 90' lang='lat' dir='ltr'>ad</span> 
     </span>
     <span class='ocr_line' id='line_1_28' title="bbox 75 2863 1056 2952; baseline 0 -20"><span class='ocrx_word' id='word_1_192' title='bbox 75 2881 206 2932; x_wconf 77' lang='lat' dir='ltr'>esar-em</span> <span class='ocrx_word' id='word_1_193' title='bbox 221 2863 343 2952; x_wconf 87' lang='lat' dir='ltr'>legatos</span> <span class='ocrx_word' id='word_1_194' title='bbox 360 2887 532 2951; x_wconf 90' lang='lat' dir='ltr'>numquam</span> <span class='ocrx_word' id='word_1_195' title='bbox 549 2865 706 2933; x_wconf 84' lang='lat' dir='ltr'>miserant</span> <span class='ocrx_word' id='word_1_196' title='bbox 751 2888 824 2933; x_wconf 90' lang='lat' dir='ltr'>cum</span> <span class='ocrx_word' id='word_1_197' title='bbox 843 2866 894 2932; x_wconf 87' lang='lat' dir='ltr'>hie</span> <span class='ocrx_word' id='word_1_198' title='bbox 912 2888 982 2934; x_wconf 86' lang='lat' dir='ltr'>esse</span> <span class='ocrx_word' id='word_1_199' title='bbox 999 2864 1056 2932; x_wconf 92' lang='lat' dir='ltr'>hc-</span> 
     </span>
     <span class='ocr_line' id='line_1_29' title="bbox 75 2955 1056 3048; baseline 0.001 -24"><span class='ocrx_word' id='word_1_200' title='bbox 75 2959 161 3024; x_wconf 83' lang='lat' dir='ltr'>tium</span> <span class='ocrx_word' id='word_1_201' title='bbox 188 2955 367 3047; x_wconf 85' lang='lat' dir='ltr'>Ambiorigi</span> <span class='ocrx_word' id='word_1_202' title='bbox 393 2959 525 3039; x_wconf 82' lang='lat' dir='ltr'>sciebat3</span> <span class='ocrx_word' id='word_1_203' title='bbox 555 2959 631 3026; x_wconf 90' lang='lat' dir='ltr'>item</span> <span class='ocrx_word' id='word_1_204' title='bbox 660 2982 718 3048; x_wconf 91' lang='lat' dir='ltr'>per</span> <span class='ocrx_word' id='word_1_205' title='bbox 748 2960 902 3027; x_wconf 86' lang='lat' dir='ltr'>Treveros</span> <span class='ocrx_word' id='word_1_206' title='bbox 932 2959 1056 3027; x_wconf 87' lang='lat' dir='ltr'>venisse</span> 
     </span>
     <span class='ocr_line' id='line_1_30' title="bbox 75 3051 1057 3143; baseline 0.001 -24"><span class='ocrx_word' id='word_1_207' title='bbox 75 3051 204 3119; x_wconf 80' lang='lat' dir='ltr'>rmanis</span> <span class='ocrx_word' id='word_1_208' title='bbox 225 3052 259 3117; x_wconf 91' lang='lat' dir='ltr'>in</span> <span class='ocrx_word' id='word_1_209' title='bbox 284 3053 452 3123; x_wconf 88' lang='lat' dir='ltr'>amicitiam</span> <span class='ocrx_word' id='word_1_210' title='bbox 478 3064 675 3142; x_wconf 85' lang='lat' dir='ltr'>cognoverat.</span> <span class='ocrx_word' id='word_1_211' title='bbox 719 3054 798 3122; x_wconf 88' lang='lat' dir='ltr'>haec</span> <span class='ocrx_word' id='word_1_212' title='bbox 823 3055 910 3143; x_wconf 91' lang='lat' dir='ltr'>prius</span> <span class='ocrx_word' id='word_1_213' title='bbox 935 3053 981 3119; x_wconf 94' lang='lat' dir='ltr'>illi</span> <span class='ocrx_word' id='word_1_214' title='bbox 1002 3051 1057 3120; x_wconf 89' lang='lat' dir='ltr'>de·</span> 
     </span>
     <span class='ocr_line' id='line_1_31' title="bbox 75 3142 1055 3236; baseline -0.001 -23"><span class='ocrx_word' id='word_1_215' title='bbox 75 3142 187 3213; x_wconf 88' lang='lat' dir='ltr'>henda</span> <span class='ocrx_word' id='word_1_216' title='bbox 199 3146 316 3212; x_wconf 79' lang='lat' dir='ltr'>auxilia</span> <span class='ocrx_word' id='word_1_217' title='bbox 324 3143 535 3232; x_wconf 78' lang='lat' dir='ltr'>existimabat,</span> <span class='ocrx_word' id='word_1_218' title='bbox 554 3169 649 3234; x_wconf 88' lang='lat' dir='ltr'>quam</span> <span class='ocrx_word' id='word_1_219' title='bbox 661 3150 766 3236; x_wconf 91' lang='lat' dir='ltr'>ipsum</span> <span class='ocrx_word' id='word_1_220' title='bbox 778 3148 861 3215; x_wconf 90' lang='lat' dir='ltr'>bello</span> <span class='ocrx_word' id='word_1_221' title='bbox 878 3147 1055 3225; x_wconf 86' lang='lat' dir='ltr'>lacesseret,</span> 
     </span>
     <span class='ocr_line' id='line_1_32' title="bbox 84 3239 1056 3329; baseline -0.001 -23"><span class='ocrx_word' id='word_1_222' title='bbox 84 3241 257 3327; x_wconf 87' lang='lat' dir='ltr'>desperata</span> <span class='ocrx_word' id='word_1_223' title='bbox 274 3239 373 3307; x_wconf 82' lang='lat' dir='ltr'>salute</span> <span class='ocrx_word' id='word_1_224' title='bbox 390 3250 445 3307; x_wconf 90' lang='lat' dir='ltr'>aut</span> <span class='ocrx_word' id='word_1_225' title='bbox 469 3263 503 3308; x_wconf 90' lang='lat' dir='ltr'>se</span> <span class='ocrx_word' id='word_1_226' title='bbox 525 3241 558 3308; x_wconf 89' lang='lat' dir='ltr'>in</span> <span class='ocrx_word' id='word_1_227' title='bbox 575 3241 742 3329; x_wconf 88' lang='lat' dir='ltr'>Menapios</span> <span class='ocrx_word' id='word_1_228' title='bbox 764 3242 892 3309; x_wconf 89' lang='lat' dir='ltr'>abderet</span> <span class='ocrx_word' id='word_1_229' title='bbox 913 3249 967 3306; x_wconf 91' lang='lat' dir='ltr'>aut</span> <span class='ocrx_word' id='word_1_230' title='bbox 983 3261 1056 3306; x_wconf 90' lang='lat' dir='ltr'>cum</span> 
     </span>
     <span class='ocr_line' id='line_1_33' title="bbox 75 3333 1057 3424; baseline 0 -23"><span class='ocrx_word' id='word_1_231' title='bbox 75 3333 286 3401; x_wconf 75' lang='lat' dir='ltr'>anschenanis</span> <span class='ocrx_word' id='word_1_232' title='bbox 298 3336 451 3424; x_wconf 86' lang='lat' dir='ltr'>&#39;congredi</span> <span class='ocrx_word' id='word_1_233' title='bbox 470 3346 640 3424; x_wconf 84' lang='lat' dir='ltr'>cogeretur.</span> <span class='ocrx_word' id='word_1_234' title='bbox 684 3337 745 3404; x_wconf 92' lang='lat' dir='ltr'>hoc</span> <span class='ocrx_word' id='word_1_235' title='bbox 765 3336 841 3403; x_wconf 90' lang='lat' dir='ltr'>inito</span> <span class='ocrx_word' id='word_1_236' title='bbox 863 3333 992 3400; x_wconf 91' lang='lat' dir='ltr'>consilio</span> <span class='ocrx_word' id='word_1_237' title='bbox 1009 3342 1057 3401; x_wconf 70' lang='lat' dir='ltr'>to</span> 
     </span>
     <span class='ocr_line' id='line_1_34' title="bbox 75 3426 1057 3518; baseline -0.002 -22"><span class='ocrx_word' id='word_1_238' title='bbox 75 3428 266 3496; x_wconf 82' lang='lat' dir='ltr'>uexercitus</span> <span class='ocrx_word' id='word_1_239' title='bbox 280 3429 502 3518; x_wconf 84' lang='lat' dir='ltr'>impedimenta</span> <span class='ocrx_word' id='word_1_240' title='bbox 516 3432 557 3497; x_wconf 91' lang='lat' dir='ltr'>ad</span> <span class='ocrx_word' id='word_1_241' title='bbox 565 3430 745 3497; x_wconf 90' lang='lat' dir='ltr'>Labienum</span> <span class='ocrx_word' id='word_1_242' title='bbox 757 3431 791 3496; x_wconf 93' lang='lat' dir='ltr'>in</span> <span class='ocrx_word' id='word_1_243' title='bbox 799 3428 953 3495; x_wconf 79' lang='lat' dir='ltr'>&#39;l&#39;reveros</span> <span class='ocrx_word' id='word_1_244' title='bbox 962 3426 1057 3495; x_wconf 90' lang='lat' dir='ltr'>mittit</span> 
     </span>
     <span class='ocr_line' id='line_1_35' title="bbox 75 3523 1058 3614; baseline -0.001 -24"><span class='ocrx_word' id='word_1_245' title='bbox 75 3545 176 3610; x_wconf 83' lang='lat' dir='ltr'>aeque</span> <span class='ocrx_word' id='word_1_246' title='bbox 192 3523 332 3613; x_wconf 89' lang='lat' dir='ltr'>legiones</span> <span class='ocrx_word' id='word_1_247' title='bbox 349 3526 390 3592; x_wconf 91' lang='lat' dir='ltr'>ad</span> <span class='ocrx_word' id='word_1_248' title='bbox 408 3547 479 3591; x_wconf 92' lang='lat' dir='ltr'>eum</span> <span class='ocrx_word' id='word_1_249' title='bbox 496 3525 651 3614; x_wconf 84' lang='lat' dir='ltr'>proficisci</span> <span class='ocrx_word' id='word_1_250' title='bbox 667 3524 768 3604; x_wconf 92' lang='lat' dir='ltr'>iubet;</span> <span class='ocrx_word' id='word_1_251' title='bbox 785 3524 854 3609; x_wconf 91' lang='lat' dir='ltr'>ipse</span> <span class='ocrx_word' id='word_1_252' title='bbox 871 3545 944 3590; x_wconf 91' lang='lat' dir='ltr'>cum</span> <span class='ocrx_word' id='word_1_253' title='bbox 959 3523 1058 3612; x_wconf 88' lang='lat' dir='ltr'>legio-</span> 
     </span>
     <span class='ocr_line' id='line_1_36' title="bbox 75 3616 1058 3706; baseline -0.003 -21"><span class='ocrx_word' id='word_1_254' title='bbox 75 3624 127 3685; x_wconf 85' lang='lat' dir='ltr'>bus</span> <span class='ocrx_word' id='word_1_255' title='bbox 152 3619 308 3706; x_wconf 83' lang='lat' dir='ltr'>expeditis</span> <span class='ocrx_word' id='word_1_256' title='bbox 334 3619 472 3705; x_wconf 92' lang='lat' dir='ltr'>quinque</span> <span class='ocrx_word' id='word_1_257' title='bbox 497 3620 531 3685; x_wconf 91' lang='lat' dir='ltr'>in</span> <span class='ocrx_word' id='word_1_258' title='bbox 556 3618 722 3705; x_wconf 89' lang='lat' dir='ltr'>Menapios</span> <span class='ocrx_word' id='word_1_259' title='bbox 749 3618 963 3706; x_wconf 84' lang='lat' dir='ltr'>proficiscitur.</span> <span class='ocrx_word' id='word_1_260' title='bbox 1011 3616 1058 3682; x_wconf 94' lang='lat' dir='ltr'>illi</span> 
     </span>
     <span class='ocr_line' id='line_1_37' title="bbox 75 3710 1056 3802; baseline -0.004 -23"><span class='ocrx_word' id='word_1_261' title='bbox 75 3710 120 3778; x_wconf 85' lang='lat' dir='ltr'>lla</span> <span class='ocrx_word' id='word_1_262' title='bbox 136 3721 246 3780; x_wconf 87' lang='lat' dir='ltr'>coacta</span> <span class='ocrx_word' id='word_1_263' title='bbox 262 3736 358 3779; x_wconf 89' lang='lat' dir='ltr'>manu</span> <span class='ocrx_word' id='word_1_264' title='bbox 374 3713 435 3780; x_wconf 91' lang='lat' dir='ltr'>loci</span> <span class='ocrx_word' id='word_1_265' title='bbox 452 3714 607 3802; x_wconf 89' lang='lat' dir='ltr'>praesidio</span> <span class='ocrx_word' id='word_1_266' title='bbox 624 3712 697 3779; x_wconf 82' lang='lat' dir='ltr'>freti</span> <span class='ocrx_word' id='word_1_267' title='bbox 710 3713 744 3779; x_wconf 93' lang='lat' dir='ltr'>in</span> <span class='ocrx_word' id='word_1_268' title='bbox 756 3713 850 3780; x_wconf 85' lang='lat' dir='ltr'>silvas</span> <span class='ocrx_word' id='word_1_269' title='bbox 863 3711 1056 3800; x_wconf 80' lang='lat' dir='ltr'>paludesque</span> 
     </span>
     <span class='ocr_line' id='line_1_38' title="bbox 75 3804 1091 3895; baseline 0.003 -22"><span class='ocrx_word' id='word_1_270' title='bbox 75 3804 220 3895; x_wconf 80' lang='lat' dir='ltr'>nfugiunt</span> <span class='ocrx_word' id='word_1_271' title='bbox 238 3828 358 3893; x_wconf 87' lang='lat' dir='ltr'>suaque</span> <span class='ocrx_word' id='word_1_272' title='bbox 375 3809 486 3874; x_wconf 92' lang='lat' dir='ltr'>eodem</span> <span class='ocrx_word' id='word_1_273' title='bbox 503 3807 677 3875; x_wconf 86' lang='lat' dir='ltr'>conferunt</span> <span class='ocrx_word' id='word_1_274' title='bbox 723 3806 842 3875; x_wconf 82' lang='lat' dir='ltr'>Caesar</span> <span class='ocrx_word' id='word_1_275' title='bbox 862 3804 983 3894; x_wconf 88' lang='lat' dir='ltr'>partitis</span> <span class='ocrx_word' id='word_1_276' title='bbox 1005 3824 1091 3876; x_wconf 69' lang='lat' dir='ltr'>cos</span> 
     </span>
     <span class='ocr_line' id='line_1_39' title="bbox 75 3897 1057 3991; baseline 0 -24"><span class='ocrx_word' id='word_1_277' title='bbox 75 3899 190 3968; x_wconf 75' lang='lat' dir='ltr'>boum</span> <span class='ocrx_word' id='word_1_278' title='bbox 212 3897 294 3968; x_wconf 79' lang='lat' dir='ltr'>Gaio</span> <span class='ocrx_word' id='word_1_279' title='bbox 315 3901 417 3968; x_wconf 83' lang='lat' dir='ltr'>Fabio</span> <span class='ocrx_word' id='word_1_280' title='bbox 439 3903 543 3991; x_wconf 87' lang='lat' dir='ltr'>legato</span> <span class='ocrx_word' id='word_1_281' title='bbox 566 3911 598 3968; x_wconf 90' lang='lat' dir='ltr'>et</span> <span class='ocrx_word' id='word_1_282' title='bbox 618 3900 729 3969; x_wconf 88' lang='lat' dir='ltr'>Marco</span> <span class='ocrx_word' id='word_1_283' title='bbox 753 3900 870 3969; x_wconf 84' lang='lat' dir='ltr'>Crasso</span> <span class='ocrx_word' id='word_1_284' title='bbox 892 3907 1057 3985; x_wconf 88' lang='lat' dir='ltr'>quaestore</span> 
     </span>
     <span class='ocr_line' id='line_1_40' title="bbox 75 3991 1058 4085; baseline 0.003 -26"><span class='ocrx_word' id='word_1_285' title='bbox 75 3991 237 4082; x_wconf 85' lang='lat' dir='ltr'>leriterque</span> <span class='ocrx_word' id='word_1_286' title='bbox 250 3995 370 4063; x_wconf 86' lang='lat' dir='ltr'>effectis</span> <span class='ocrx_word' id='word_1_287' title='bbox 382 3996 530 4085; x_wconf 91' lang='lat' dir='ltr'>pontibus</span> <span class='ocrx_word' id='word_1_288' title='bbox 546 3995 610 4063; x_wconf 81' lang='lat' dir='ltr'>adit</span> <span class='ocrx_word' id='word_1_289' title='bbox 622 3995 783 4084; x_wconf 86' lang='lat' dir='ltr'>tripertito,</span> <span class='ocrx_word' id='word_1_290' title='bbox 802 3993 944 4062; x_wconf 87' lang='lat' dir='ltr'>aedificia</span> <span class='ocrx_word' id='word_1_291' title='bbox 955 3993 1058 4062; x_wconf 88' lang='lat' dir='ltr'>vicos-</span> 
     </span>
     <span class='ocr_line' id='line_1_41' title="bbox 75 4089 1055 4182; baseline 0.007 -29"><span class='ocrx_word' id='word_1_292' title='bbox 75 4110 96 4155; x_wconf 72' lang='lat' dir='ltr'>ie</span> <span class='ocrx_word' id='word_1_293' title='bbox 102 4089 250 4171; x_wconf 86' lang='lat' dir='ltr'>incendit,</span> <span class='ocrx_word' id='word_1_294' title='bbox 264 4112 379 4180; x_wconf 85' lang='lat' dir='ltr'>magno</span> <span class='ocrx_word' id='word_1_295' title='bbox 386 4092 510 4182; x_wconf 87' lang='lat' dir='ltr'>pecoris</span> <span class='ocrx_word' id='word_1_296' title='bbox 520 4100 613 4180; x_wconf 90' lang='lat' dir='ltr'>atque</span> <span class='ocrx_word' id='word_1_297' title='bbox 621 4090 784 4160; x_wconf 89' lang='lat' dir='ltr'>hominum</span> <span class='ocrx_word' id='word_1_298' title='bbox 792 4112 921 4158; x_wconf 89' lang='lat' dir='ltr'>numero</span> <span class='ocrx_word' id='word_1_299' title='bbox 929 4091 1055 4179; x_wconf 84' lang='lat' dir='ltr'>potitur.</span> 
     </span>
     <span class='ocr_line' id='line_1_42' title="bbox 86 4190 896 4248; baseline -0.005 -11"><span class='ocrx_word' id='word_1_300' title='bbox 86 4190 154 4239; x_wconf 70' lang='lat' dir='ltr'>tuan</span> <span class='ocrx_word' id='word_1_301' title='bbox 166 4191 254 4238; x_wconf 73' lang='lat' dir='ltr'>Cam·</span> <span class='ocrx_word' id='word_1_302' title='bbox 875 4191 896 4248; x_wconf 71' lang='grc' dir='ltr'>ἰ</span> 
     </span>
    </p>
   </div>
   <div class='ocr_carea' id='block_1_6' title="bbox 0 0 1214 4336">
    <p class='ocr_par' dir='ltr' id='par_1_6' title="bbox 0 0 1214 4336">
     <span class='ocr_line' id='line_1_43' title="bbox 0 0 1214 4336; baseline 0 0"><span class='ocrx_word' id='word_1_303' title='bbox 0 0 1214 4336; x_wconf 95' lang='lat' dir='ltr'> </span> 
     </span>
    </p>
   </div>
  </div>
 </body>
</html>
