2528 4336
436 265 554 323 GOMM.
570 266 593 321 1.
610 264 728 320 42-44.
1051 253 1094 322 23

81 397 172 456 ustae
191 410 306 455 causae
323 388 562 454 necessitudinis
579 388 657 474 ipsis
675 410 747 455 eum
765 386 907 453 Haeduis
924 387 1095 456 intercede·

81 493 154 563 eut,
181 506 262 570 quae
286 484 556 550 senatusconsulta
577 483 720 568 quotiens
742 503 898 567 quamque
924 481 1094 549 honorifica

81 601 176 646 neos
194 578 280 645 facta
296 587 416 656 essent,
439 587 474 644 ut
492 579 733 664 omnitempore
755 577 850 643 totius
872 573 994 643 Galliae
1010 577 1095 662 prin-

81 674 211 760 eipatum
232 672 361 739 Haedui
382 672 570 752 tenuissent,
597 673 683 759 prius
705 671 812 750 etiam,
842 692 936 755 quam
956 679 1095 737 nostram

81 767 241 832 imicitiam
259 766 459 854 appetissent
498 767 608 853 populi
624 765 761 832 Romani
776 765 858 830 hano
875 785 945 830 esse
963 785 1094 831 eonsue-

81 862 227 940 :udinem,
252 870 289 926 ut
306 861 408 927 socios
430 870 524 946 atque
541 861 658 926 amicos
681 883 743 925 non
760 859 854 927 modo
877 859 926 925 sui
947 859 1024 924 nihil
1041 859 1097 925 de·

81 956 212 1043 perdere,
232 955 289 1021 sed
304 954 414 1042 gratia,
433 954 593 1041 dignitate,
612 954 728 1020 honore
746 954 898 1020 auctiores
916 953 992 1018 velit
1008 974 1094 1020 esse:

81 1051 160 1135 quod
175 1070 250 1115 vero
268 1049 309 1114 ad
326 1048 494 1115 amicitiam
510 1048 619 1135 populi
635 1048 772 1114 Romani
791 1049 980 1126 attulissent,
1006 1047 1041 1113 id
1056 1047 1095 1113 iis

81 1144 151 1232 eripi
167 1143 239 1230 quis
256 1143 321 1229 pati
338 1144 464 1229 posset?
496 1143 666 1229 postulavit
683 1143 795 1208 deinde
812 1143 935 1220 eadem,
954 1163 1034 1226 quae
1050 1141 1097 1208 le·

81 1238 155 1325 gatis
171 1238 207 1302 in
223 1237 378 1303 mandatis
396 1237 537 1314 dederat,
560 1259 600 1303 ne
617 1246 670 1304 aut
687 1236 831 1303 Haeduis
849 1246 903 1302 aut
920 1258 1028 1302 eorum
1046 1258 1097 1302 so·

81 1332 129 1397 riis
148 1330 267 1397 bellum
287 1331 429 1409 inferret3
456 1331 582 1397 obsides
603 1332 760 1410 redderet3
787 1331 815 1396 si
834 1331 953 1396 nullam
975 1339 1096 1417 partem

81 1423 305 1492 Germanorum
322 1425 450 1490 domum
467 1425 623 1491 remittere
635 1434 752 1512 posset,
771 1434 803 1490 at
815 1447 855 1491 ne
868 1447 947 1510 quos
961 1424 1095 1510 amplius

81 1519 221 1585 lthenum
238 1519 368 1584 transire
385 1527 551 1604 pateretur.
586 1517 765 1585 Ariovistus
784 1520 825 1585 ad
840 1518 997 1605 postulata
1015 1516 1097 1584 an-
1112 1536 1146 1587 44

81 1614 152 1679 raris
165 1633 268 1699 pauca
280 1612 449 1699 respondit,
468 1613 507 1678 do
521 1613 586 1679 suis
600 1612 766 1680 virtutibus
779 1612 878 1678 multa
890 1612 1097 1699 praedicavit:

81 1706 224 1772 ransisse
245 1705 392 1771 Rhenum
414 1727 484 1772 sese
505 1728 569 1772 non
591 1730 649 1773 sua
671 1716 795 1794 sponte,
822 1707 879 1772 sed
899 1715 1043 1794 rogatum
1065 1715 1097 1771 et

81 1801 259 1868 arcessitum
276 1797 424 1880 aGallis3
443 1823 506 1867 non
524 1802 591 1867 sine
608 1825 723 1888 magna
737 1824 793 1888 spe
806 1801 991 1888 magnisque
1006 1821 1096 1887 prae-

81 1897 144 1961 niis
170 1895 300 1962 domum
325 1895 580 1982 propinquosque
605 1896 783 1980 reliquisse,
811 1896 901 1962 sedes
922 1895 1038 1961 habere
1063 1894 1097 1959 in

81 1987 180 2055 [tullia
197 1987 238 2054 ab
255 1988 332 2074 ipsis
350 2009 532 2066 concessas,
555 1988 681 2055 obsides
703 1989 844 2075 ipsorum
865 1987 1025 2054 voluntate
1041 1988 1098 2053 da

81 2106 138 2161 :os;
157 2082 347 2168 stipendium
364 2104 475 2169 capere
492 2083 559 2148 iure
576 2082 660 2160 belli,
679 2083 764 2166 quod
778 2083 913 2149 vvictores
930 2083 1022 2149 victis
1039 2082 1098 2146 im-

81 2197 191 2263 ponere
208 2176 396 2242 consuerint
439 2198 502 2242 non
520 2198 589 2242 sese
609 2175 723 2254 Gallis,
752 2177 808 2242 sed
826 2174 935 2242 Gallos
955 2175 1015 2241 sibi
1031 2175 1097 2240 bel-

81 2294 140 2336 um
156 2269 315 2336 intulisse:
334 2292 442 2336 omnes
459 2267 581 2337 Galliae
595 2270 736 2335 civitates
751 2270 790 2335 ad
804 2293 838 2336 se
852 2270 1097 2356 oppugnandum

81 2364 200 2430 senisse
217 2386 255 2430 ao
273 2372 380 2431 contra
397 2386 432 2430 se
450 2373 552 2430 eastra
569 2363 731 2442 habuisse3
755 2385 808 2429 eas
827 2385 935 2429 omnes
954 2362 1060 2448 copias
1079 2385 1098 2427 a

81 2481 107 2525 ae
130 2479 197 2524 uno
217 2458 335 2544 proelio
356 2457 464 2543 pulsas
486 2480 524 2524 ac
546 2468 707 2545 superatas
734 2480 813 2524 esse.
858 2457 885 2523 si
910 2458 1023 2522 iterum
1044 2478 1099 2522 ex·

81 2552 168 2639 periri
185 2552 291 2632 velint,
311 2575 345 2618 se
361 2555 474 2618 iterum
491 2563 635 2640 paratum
649 2575 718 2619 sesa
731 2554 903 2632 decertare3
922 2554 949 2618 si
961 2575 1039 2639 paee
1052 2553 1099 2617 uti

81 2647 185 2726 uelint,
204 2646 347 2731 iniquum
364 2669 434 2713 esse
451 2648 492 2713 de
510 2648 664 2733 stipendio
681 2669 839 2726 recusare,
863 2647 947 2731 quod
969 2669 1027 2712 sua
1042 2668 1099 2712 vo·

81 2742 195 2806 luntate
212 2741 254 2806 ad
269 2741 303 2805 id
320 2750 444 2827 tempus
465 2740 678 2827 pependerint
722 2742 889 2806 amicitiam
911 2739 1018 2826 populi
1034 2739 1099 2806 Ro·

81 2834 161 2900 mani
183 2833 245 2900 sibi
271 2845 452 2901 ornamento
478 2845 510 2900 et
534 2835 704 2921 praesidio,
730 2858 794 2900 non
819 2835 1002 2900 detrimento
1029 2854 1099 2900 esse

81 2938 233 3016 oportere,
259 2929 354 3015 idque
381 2951 415 2995 se
438 2951 476 2995 ea
498 2951 555 3015 spe
575 2930 702 3016 petisse.
747 2929 774 2996 si
795 2951 851 3015 per
866 2928 1017 3016 populum
1034 2927 1100 2994 Ro-

81 3045 206 3088 manum
231 3023 421 3110 stipendium
445 3024 619 3089 remittatur
644 3033 676 3090 et
705 3023 842 3089 dediticii
870 3022 1097 3100 subtrahantur,

81 3140 139 3183 non
155 3117 260 3183 minus
277 3118 409 3184 libenter
426 3141 495 3184 sese
512 3128 727 3185 recusaturum
744 3119 854 3205 populi
870 3117 1005 3183 Romani
1022 3115 1100 3181 ami·

81 3211 192 3289 titiam,
211 3234 306 3297 quam
324 3213 496 3300 appetierit
523 3214 608 3299 quod
625 3213 854 3278 multitudinem
870 3211 1100 3277 Germanorum

81 3303 109 3369 'tn
127 3302 266 3371 Galliam
283 3307 438 3385 traducat,
456 3306 490 3372 id
507 3329 541 3373 se
560 3307 609 3373 sui
626 3308 799 3385 muniendi,
822 3329 885 3371 non
903 3302 1025 3370 Galliae
1042 3303 1102 3368 im-

81 3401 266 3488 pugnandae
284 3423 379 3468 causa
396 3401 514 3483 faeere3
536 3403 604 3480 eius
621 3402 667 3468 rei
685 3401 896 3468 testimonium
913 3421 997 3477 esse,
1015 3399 1101 3484 quod

81 3493 138 3558 nisi
155 3503 286 3582 rogatus
303 3518 366 3560 non
383 3497 511 3574 venerit,
530 3506 561 3562 et
578 3497 662 3581 quod
676 3496 792 3562 bellum
805 3517 869 3559 non
881 3494 1026 3573 intulerit,
1045 3494 1102 3561 sed

81 3587 261 3653 defenderit
307 3611 341 3654 se
357 3589 444 3675 prius
461 3589 495 3654 in
513 3587 649 3656 Galliam
671 3589 810 3667 venisse,
834 3611 929 3674 quam
950 3588 1100 3676 populum

81 3676 268 3748 Romanum.
311 3704 482 3767 numquam
499 3693 571 3750 ante
589 3683 649 3748 hoc
666 3692 789 3769 tempus
807 3683 977 3750 exercitum
994 3681 1101 3768 populi

81 3771 214 3843 Romani
229 3773 351 3842 Galliae
367 3778 546 3863 provinciae
559 3777 638 3842 fines
654 3798 826 3864 egressum.
866 3777 941 3862 quid
959 3775 1019 3841 sibi
1035 3776 1101 3841 vel-

81 3866 138 3934 let?
167 3892 226 3937 cur
246 3870 279 3935 in
298 3893 372 3937 suas
392 3873 609 3958 possessiones
630 3871 768 3937 veniret?
800 3870 993 3958 provinciam
1011 3893 1101 3936 suam

82 3958 157 4030 hano
175 3985 248 4031 esse
267 3961 418 4044 Galliam,
446 3967 526 4031 sicut
542 3965 627 4031 illam
645 3974 794 4032 nostram.
837 3975 873 4030 ut
893 3965 955 4050 ipsi
972 3965 1101 4032 concedi

81 4077 138 4124 uon
155 4067 322 4146 oporteret,
341 4060 418 4125 siin
430 4069 555 4127 nostros
568 4059 647 4126 fines
659 4060 811 4148 impetum
823 4059 949 4138 faceret,
968 4059 1013 4125 sio
1025 4059 1101 4124 item
