2414 4336
349 253 519 314 commu.
537 256 656 313 so-ss
971 244 1014 311 95

77 384 103 446 it
123 390 224 466 atque
241 379 286 447 ibi
306 403 453 468 magnam
476 389 596 466 partem
613 381 677 446 diei
698 381 866 459 consumit;
892 381 1013 466 equites

77 480 229 546 onioiunt
246 488 277 545 et
293 501 410 566 magna
426 501 498 544 oum
512 477 699 543 contumelia
711 475 877 543 verborum
889 486 1013 544 nostros

77 599 189 663 gnam
207 584 347 641 evocant.
391 573 477 640 nullo
495 572 667 638 abnostris
685 572 758 638 dato
775 593 940 658 responso,
957 570 1013 638 ubi

77 693 87 733 ι
110 678 176 748 est,
203 669 263 736 sub
279 691 447 755 vesperum
469 669 604 755 dispersi
621 688 658 733 ao
680 667 823 754 dissipati
839 666 1012 732 discedunt.

77 787 89 829 )
109 763 276 830 Labienus
294 762 418 829 duabus
434 762 532 849 portis
550 784 676 828 omnem
693 762 866 846 equitatum
888 760 1013 838 emittit3

77 858 143 944 ipit
162 868 254 942 atque
271 856 436 935 interdicit,
454 856 626 943 proterritis
643 855 786 922 hostibus
804 864 898 940 etque
914 855 947 919 iu
964 853 1015 919 fu-

92 952 243 1018 ooniectis
269 950 369 1036 (quod
389 950 471 1029 fore,
498 950 580 1016 sicut
600 950 725 1029 accidit,
752 949 892 1034 videbat)
917 970 1014 1013 unum

76 1070 100 1112 rs
117 1055 258 1134 peterent
275 1045 536 1123 Indutiomarum,
564 1066 627 1109 neu
644 1044 714 1129 quis
732 1065 826 1129 quem
842 1044 929 1130 prius
946 1041 1015 1108 vul-

78 1189 86 1219 ,
106 1162 203 1225 quam
218 1140 306 1204 iilum
324 1138 522 1205 interfectum
539 1138 660 1216 viderit,
679 1139 764 1223 quod
781 1159 869 1204 mora
880 1137 1015 1221 reliquo-

79 1235 216 1321 spatium
232 1244 359 1299 nactum
376 1233 464 1298 illum
482 1232 622 1320 effugere
639 1231 779 1312 nolebat,
806 1255 922 1319 magna
941 1253 1015 1318 pro-

76 1329 140 1406 :iis,
159 1329 214 1414 qui
227 1328 404 1406 occiderint,
423 1327 575 1414 praemia:
595 1325 760 1392 summittit
772 1326 914 1392 cohortes
928 1325 1015 1409 equi-

93 1422 245 1489 subsidio.
289 1422 470 1508 comprobat
487 1421 622 1487 hominis
640 1419 804 1486 consilium
821 1419 960 1498 fortuna,
982 1428 1014 1484 et

80 1541 179 1583 unum
196 1539 305 1583 omnes
321 1526 475 1603 peterent,
502 1516 536 1580 in
557 1516 626 1603 ipso
643 1514 780 1580 fluminis
800 1514 882 1579 vado
904 1514 1015 1599 depre-

75 1634 105 1676 1s
119 1611 354 1677 Indutiomarus
371 1609 563 1688 interficitur,
582 1618 737 1696 caputque
754 1609 822 1674 eius
834 1606 968 1675 refertur
980 1607 1014 1672 in

75 1730 103 1770 a:
126 1705 294 1771 redeuntes
312 1706 447 1791 equites,
470 1726 550 1788 quos
567 1712 714 1791 possunt,
733 1713 950 1770 consectantur
967 1712 1014 1768 at

75 1800 224 1866 recidunt.
267 1800 327 1865 hae
343 1822 377 1865 re
395 1799 534 1885 cognita,
558 1821 667 1865 omnes
684 1798 871 1866 Eburonum
888 1806 919 1863 et
935 1796 1013 1863 Ner-

76 1918 125 1972 m,
154 1915 235 1978 quae
261 1903 483 1971 convenerant,
515 1894 624 1980 copiae
650 1894 827 1971 discedunt,
857 1888 1013 1979 pauloque

75 1990 97 2053 it
115 1999 189 2074 post
205 1988 239 2053 id
256 1988 375 2055 factum
394 1987 514 2055 Caesar
531 1988 715 2073 quietiorem
733 1985 879 2054 Galliam.

398 2199 608 2211 *-

289 2336 322 2398 o.
344 2336 468 2398 1un11
491 2336 708 2399 canemus

143 2489 233 2568 DE
276 2488 509 2571 BELLO
554 2486 867 2570 GALLIOO

265 2660 560 2714 COMMENTARIUS
584 2661 740 2714 SEXTUS.

396 2836 602 2878 nuouusu'ruu.

83 2912 191 2966 Galliae
200 2921 291 2966 motus.
320 2912 418 2982 copias
428 2918 515 2984 auget
525 2910 630 2967 Caesar
640 2929 664 2967 c.
674 2914 698 2966 1.
734 2914 863 2984 Nervios,
875 2913 1010 2985 Senones,

74 2994 141 3058 stes,
160 2989 311 3059 Menapios
331 2989 437 3062 subigit
451 2989 556 3045 Caesar
571 3006 594 3044 c.
607 2990 689 3059 2-6‚
710 2991 851 3046 Treveros
865 2991 1011 3047 Labienus

74 3065 99 3120 8.
133 3065 172 3119 Π.
188 3069 283 3120 Altera
294 3067 416 3124 Caesaris
424 3068 452 3120 ia
463 3067 632 3122 Germaniam
640 3068 773 3138 capeditio.
810 3069 897 3124 Suebi
909 3070 939 3123 in
947 3070 1012 3122 ulti·

74 3140 134 3198 inas
149 3160 216 3198 suos
230 3161 261 3199 se
275 3144 415 3215 recipiunt
430 3161 453 3200 c.
468 3145 563 3200 9-10.
597 3162 690 3200 mores
706 3146 852 3201 Gallorum
866 3163 890 3200 c.
899 3146 1010 3215 11-20,

75 3237 193 3275 unorum
211 3238 235 3275 c.
244 3221 356 3291 21-24‚
375 3221 521 3292 Hercynia
537 3221 617 3294 silva,
632 3222 770 3292 ieramm,
786 3222 901 3293 quaein
914 3240 949 3278 ea
963 3241 1011 3277 na·

73 3314 118 3367 ur,
138 3299 278 3369 quaedam
296 3315 403 3370 genera
421 3299 620 3354 describuntur
637 3316 661 3354 c.
678 3299 789 3354 25-28.
832 3298 885 3354 III.
906 3301 1012 3354 Bellum

73 3376 263 3446 tAmbr’an‘pem
272 3385 295 3430 et
304 3376 448 3431 Eburones.
477 3377 583 3432 Caesar
592 3393 626 3432 ex
636 3375 1012 3431 Germaniareduxinlibu-

73 3469 88 3504 n
106 3450 178 3507 fines
196 3453 348 3522 exercitam
366 3454 456 3524 ducit,
476 3471 573 3509 omncs
588 3454 688 3509 Gallos
702 3453 739 3506 ad
751 3452 817 3506 illos
837 3453 1011 3524 diripiendos

73 3534 90 3582 ‚t
107 3546 131 3583 c.
149 3529 260 3585 29-34
297 3529 446 3601 Sugambri
465 3533 526 3586 eius
543 3531 584 3585 rei
601 3530 678 3585 fama
694 3530 764 3584 moti
776 3530 907 3587 Rhenum
920 3537 1010 3587 trans·

103 3609 153 3664 sed
179 3615 288 3664 mutato
316 3609 435 3665 consilio
463 3608 607 3663 Ciceronis
633 3612 727 3663 castra
753 3609 931 3680 adoriuntur3
962 3610 1010 3664 ad·

73 3733 74 3738 ,
97 3684 228 3742 Caesaris
252 3689 404 3758 desperata
426 3693 581 3743 castrorum
603 3687 812 3758 expugnatione
835 3690 948 3742 domum
967 3704 1011 3743 rc·

73 3769 136 3819 ntur
159 3780 182 3819 c.
204 3764 316 3818 35-42.
359 3765 525 3820 Eburonum
547 3762 619 3819 fines
641 3769 801 3835 vastantur3
828 3762 947 3819 concilio
970 3763 1011 3818 in-

95 3841 132 3897 de
164 3840 308 3897 Senonum
336 3847 366 3898 et
395 3841 550 3897 Carnutum
585 3840 779 3897 coniuratione
814 3840 1010 3911 quaestionem

73 3917 109 3972 rit
126 3918 246 3988 Caesar,
269 3919 305 3974 de
323 3926 440 3975 Accone
460 3918 630 3990 supplicium
649 3919 746 3989 sumit3
767 3918 798 3976 iu
815 3916 928 3974 Italiam
944 3935 1010 3990 pro·

73 4003 122 4050 „tur
141 4013 166 4051 c.
177 3995 290 4051 43—44.

73 4090 118 4130 sec
130 4079 214 4146 gesta
225 4090 301 4130 anno
314 4091 340 4130 a.
349 4091 377 4130 u.
386 4091 411 4130 o.
420 4074 480 4145 701,
493 4090 518 4130 u.
528 4070 644 4130 chnut
