2414 4336
439 111 559 174 comt
576 111 658 174 Vnt
675 112 795 181 lde-20·
1064 102 1125 169 163

135 266 158 294 ὐ
184 239 384 307 multitudine
402 239 542 326 ipsorum
559 238 779 307 detrimentum
791 238 948 325 accipitur.
976 262 1048 306 cum
1061 240 1126 306 dis·
1144 257 1176 309 10

43 361 70 394 r
143 333 210 401 'tis
229 334 341 400 turmis
357 335 392 398 in
408 333 510 399 vicem
525 335 588 399 rari
604 333 829 421 proeliarentur
845 356 948 418 neque
965 334 1005 401 ab
1022 334 1127 401 lateri·

57 458 67 482 ·
94 496 99 511 ..
128 427 398 496 *circumveniri
416 449 489 494 suos
507 437 696 514 paterentur,
715 437 882 514 erumpunt
899 429 993 494 ceteri
1008 427 1126 496 Correo

43 554 60 568 ⁴·
139 525 274 591 ··liante
291 545 331 588 ex
349 522 445 588 silvis.
471 521 507 586 fit
524 545 640 610 magna
657 523 853 588 contentione
866 522 1024 588 diversum
1036 545 1128 611 proe-

43 639 54 663 ···
88 665 91 668 .
124 610 409 702 1...'quodcum
426 615 542 682 diutius
560 617 629 704 pari
641 615 745 682 Marte
763 616 901 696 iniretur,
919 616 1069 704 paulatim
1086 638 1126 682 ex

43 736 51 754 ³
106 730 110 757 ἴ
135 713 187 779 vis
206 712 360 778 instructa
377 710 542 777 multitudo
560 711 701 797 procedit
717 710 872 797 peditum,
900 733 981 797 quae
1002 719 1126 776 nosnos

85 815 206 896 *ergit
228 806 339 872 cedere
361 805 491 890 equites.
536 804 650 889 quibus
673 804 813 871 celeriter
835 804 1023 871 subveniunt
1048 803 1126 870 levis

104 923 109 945 τ
140 910 279 968 arurae
295 899 430 986 pedites,
454 921 534 984 quos
552 909 623 966 ante
640 899 780 988 legiones
798 901 912 967 missos
935 901 1040 979 docui,
1063 909 1128 966 tur-

82 1015 112 1045 ¹¹=
125 992 226 1082 'quc
243 1004 420 1062 nostrorum
437 995 613 1082 interpositi
635 1004 813 1062 constanter
833 995 1033 1081 proeliantur.
1069 1017 1128 1083 pu·

77 1113 113 1159 “a
124 1101 217 1159 ·atur
230 1089 422 1175 aliquamdiu
433 1090 502 1175 pari
515 1089 726 1167 contentione;
745 1088 866 1167 deinde,
881 1098 916 1154 ut
928 1091 1007 1155 ratio
1019 1098 1128 1175 postu-

67 1153 89 1226 ἶ
106 1211 111 1235 =
126 1185 188 1253 bat
204 1183 329 1271 proelii,
347 1184 403 1268 qui
420 1184 631 1250 sustinuerant
647 1184 764 1271 primos
781 1182 917 1269 impetus
934 1184 1127 1262 insidiarum,

92 1301 161 1347 ¹00
185 1279 257 1366 ipso
278 1277 357 1343 liunt
378 1278 568 1365 superiores,
595 1278 681 1363 quod
700 1277 821 1342 nullum
843 1275 883 1342 ab
908 1276 1127 1344 insidiantibus

55 1362 317 1462 „imprudentes
339 1381 523 1459 acceperant
545 1373 774 1439 detrimentum.
820 1370 973 1438 accedunt
998 1372 1127 1461 propius

52 1458 228 1535 1-interim
247 1466 402 1554 legiones,
430 1466 592 1553 crebrique
615 1467 726 1534 eodem
747 1474 886 1552 tempore
909 1475 940 1531 et
960 1465 1075 1541 nostris
1097 1476 1129 1532 et

50 1572 54 1577 '
77 1552 248 1629 lebetibus
269 1560 371 1626 nuntii
392 1560 576 1642 afferuntur,
605 1563 822 1651 imperatorem
843 1561 1003 1628 instructis
1030 1562 1128 1650 copiis

80 1656 225 1724 -ndssse-
269 1677 333 1741 qua
348 1678 383 1721 re
400 1657 525 1743 cognita
541 1657 697 1743 praesidio
715 1656 887 1723 cohortium
905 1656 1015 1724 confisi
1030 1655 1129 1724 nostri

43 1770 55 1827 t
104 1753 253 1819 acerrime
269 1751 468 1838 proeliantur,
487 1774 542 1831 ne,
561 1754 589 1817 si
606 1754 725 1818 tardius
742 1775 809 1819 rem
827 1753 1013 1840 gessissent,
1032 1752 1130 1818 victo-

58 1922 62 1927 ,
105 1843 168 1912 riae
193 1846 327 1934 gloriam
358 1846 607 1912 communicasse
633 1868 705 1912 oum
730 1846 907 1934 legionibus
938 1846 1129 1924 viderentur;

43 1860 74 2023 l
111 1935 211 2007 bostes
235 1941 402 2006 concidunt
428 1939 540 2005 animis
563 1949 656 2026 atque
677 1940 840 2006 itineribus
863 1942 994 2006 diversis
1020 1940 1130 2027 fugam

44 2018 75 2153 ἱ
110 2044 265 2116 quaerunt
293 2035 496 2120 nequiquam:
515 2057 590 2099 nam
608 2034 722 2120 quibus
736 2032 972 2099 difficultatibus
990 2032 1129 2100 locorum

43 2156 82 2231 p·
111 2120 265 2196 Romanos
292 2128 436 2195 claudere
462 2128 638 2208 voluerant,
666 2129 704 2195 iis
730 2129 793 2215 ipsi
818 2128 1012 2195 tenebantur.
1055 2127 1129 2194 victi

103 2224 209 2293 ,lamen
235 2223 433 2310 perculsique
455 2223 572 2290 maiore
592 2232 680 2311 parte
706 2223 823 2290 amissa
849 2223 1037 2289 consternati
1058 2244 1130 2309 pro-

43 2236 76 2495 }
99 2311 231 2408 tugiunt
246 2319 360 2404 partim
378 2317 466 2384 silvis
484 2318 599 2406 petitis,
617 2319 732 2405 partim
748 2317 877 2384 flumine
894 2315 964 2402 (qui
980 2326 1085 2382 tamen
1096 2317 1130 2381 in

62 2412 77 2487 .'
99 2406 182 2504 diga
208 2436 229 2478 a
253 2413 368 2478 nostris
395 2413 507 2478 acriter
531 2412 769 2496 insequentibus
796 2413 1029 2499 conficiuntur),
1057 2434 1130 2477 cum

43 2494 61 2605 ζ·
96 2496 228 2576 interim
249 2506 335 2574 nulla
356 2506 531 2573 calamitate
555 2506 656 2573 vietus
682 2506 817 2575 Correus
840 2509 990 2575 excedere
1011 2505 1129 2594 proelio

43 2608 52 2677 t
92 2605 264 2687 silvasque
288 2611 394 2689 petere
419 2611 474 2670 aut
499 2602 703 2670 invitantibus
728 2604 843 2671 nostris
874 2604 915 2669 ad
941 2601 1131 2669 deditionem

91 2699 207 2788 potuit
232 2697 358 2776 adduci,
389 2698 466 2782 quin
491 2698 662 2765 fortissime
686 2699 867 2786 proeliando
894 2698 1130 2784 compluresque

92 2791 297 2861 vulnerando
324 2802 451 2880 cogeret
476 2793 574 2860 elatos
600 2793 762 2860 iracundia
786 2795 921 2861 victmes
948 2794 987 2859 in'
1008 2814 1042 2860 se
1068 2792 1131 2858 tela

97 2888 258 2956 conicere.
302 2885 357 2951 tali
378 2886 471 2952 modo
492 2909 527 2953 rs
548 2896 639 2975 gesta
659 2888 837 2954 recentibus
858 2887 967 2974 proelii
988 2886 1130 2973 vestigiis
1148 2909 1181 2958 ao

97 2984 269 3071 ingressus
289 2979 417 3060 Caesar,
436 3003 509 3047 cum
525 2982 625 3048 victos
643 2989 730 3047 tanta
747 2981 922 3048 calamitate
939 2981 1131 3047 existimaret

101 3079 215 3145 hostes
240 3076 348 3141 nuntio
371 3084 498 3163 accepto
517 3075 623 3143 locum
650 3085 823 3143 castrorum
847 3075 1023 3154 relicturos,
1050 3096 1131 3160 quae

102 3194 169 3239 non
186 3169 312 3257 longius
332 3168 372 3236 ab
391 3191 429 3234 ea
451 3171 547 3237 caede
568 3170 681 3238 abesse
697 3170 770 3258 plus
792 3168 895 3235 minus
918 3179 988 3235 octo
1005 3168 1131 3237 milibus

105 3263 306 3342 dicebantur,
324 3264 450 3329 tametsi
466 3264 594 3331 flumine
611 3263 796 3352 impeditum
813 3263 979 3330 bannitum
995 3262 1130 3343 videbat,

104 3370 214 3427 tamen
239 3358 377 3424 exercitu
403 3357 545 3426 traducto
572 3360 778 3448 progreditur.
823 3368 855 3426 at
876 3358 1037 3426 Bellovaci
1061 3359 1133 3424 reli-

105 3474 252 3541 quaeque
275 3452 416 3519 civitates
437 3462 564 3540 repente
587 3476 627 3520 ex
648 3453 726 3541 fuga
746 3453 856 3541 paucis
878 3461 971 3538 atque
993 3453 1042 3519 his
1065 3453 1133 3518 vul-

106 3548 224 3615 neratis
241 3547 383 3634 receptis,
402 3547 457 3632 qui
475 3549 623 3614 silvarum
639 3547 792 3615 beneficio
810 3570 918 3614 casum
931 3547 1131 3626 evitaverunt,

107 3641 254 3710 omnibus
269 3641 420 3724 adversis,
438 3643 587 3731 *cognita
600 3640 808 3721 calamitate*,
826 3640 988 3708 interfecto
1003 3639 1131 3721 Correo,

107 3738 225 3806 amisso
248 3739 388 3825 equitatu
409 3750 440 3807 et
461 3738 641 3808 fortissimis
667 3736 840 3824 peditibus,
867 3759 940 3804 cum
967 3736 1133 3803 adventare

108 3838 269 3904 Romanos
296 3837 522 3916 existimarent,
553 3836 684 3903 concilio
709 3843 837 3922 repente
860 3842 957 3900 cantu
986 3831 1133 3898 tubarum

107 3941 281 4001 convocato
312 3933 518 4012 conclamant,
548 3930 646 4022 legati
671 3931 862 4016 obsidesque
889 3927 1132 4084 'adl-caesarem
1181 4030 1183 4039 Ι
