2414 4336
426 151 545 211 COMM.
563 154 587 210 L
605 155 724 212 19-22.
1042 145 1081 213 ll

60 278 307 349 adulescentiam
323 287 445 365 posset,
468 299 524 364 per
542 300 576 344 se
594 279 759 359 crevissem
784 280 897 364 quibus
916 282 1028 368 opibus
1046 304 1084 349 ac

11 398 14 403 ·
60 375 168 443 nervis
187 395 250 439 nou
271 373 373 440 solum
390 373 431 439 ad
452 372 653 439 minuendam
673 373 821 462 gratiam,
844 376 901 442 sed
922 399 1020 463 paene
1043 379 1084 443 ad

10 460 233 558 'perniciem
255 490 345 534 suam
366 477 514 533 uteretur.
559 489 629 534 sese
651 477 756 534 tamen
773 478 805 535 et
822 492 926 537 amore
947 471 1083 539 fraterno

58 572 95 628 et
114 561 342 629 existimatione
359 560 448 649 vulgi
465 561 662 627 commoveri.
693 563 821 648 quod
796 565 960 648 siquid
933 586 962 629 er
974 589 994 630 a
1004 564 1084 632 Cae-

61 679 136 724 sare
159 655 287 743 gramm
314 655 493 735 accidisset,
520 655 682 742 cumipse
704 679 776 723 eum
801 657 905 723 locum
930 659 1083 726 amicitiae

62 750 149 838 apud
166 772 239 816 eum
257 758 390 828 teneret,
412 749 570 815 neminem
588 749 851 832 existimaturum,
873 775 936 818 non
954 777 1012 820 sua
1028 776 1084 820 ιο-

59 844 181 912 luntate
198 843 317 910 factum
321 867 331 923 3
350 865 412 929 qua
425 866 467 910 ex
478 865 512 909 re
526 843 676 923 futurum,
690 845 737 910 uti
750 845 844 911 totius
855 843 976 913 Galliae
989 847 1084 913 animi

58 961 81 1004 a
99 959 135 1005 se
152 946 375 1004 averterentur.
409 936 488 1003 haec
505 937 735 1024 cumpluribus
752 933 856 1005 verbis
873 939 952 1004 flens
971 940 1085 1007 aCae·

61 1054 134 1099 sare
149 1039 283 1118 peteret,
302 1029 422 1098 Caesar
440 1030 506 1097 eius
525 1032 666 1097 dextram
682 1033 819 1118 prendit3
840 1034 1017 1100 consolatus
1034 1057 1085 1101 ro·

58 1135 131 1214 gat,
154 1124 250 1191 finem
268 1125 376 1191 orandi
393 1124 502 1204 faciat3
528 1126 607 1191 tanti
625 1126 691 1192 eius
710 1128 795 1213 apud
812 1149 847 1194 se
863 1129 996 1214 gratiam
1014 1151 1084 1195 esse

60 1219 207 1297 ostendit,
221 1218 267 1283 nti
285 1226 316 1284 et
332 1217 522 1305 reipublicae
539 1218 683 1285 iniuriam
701 1228 732 1285 et
750 1242 843 1286 suum
860 1222 999 1288 dolorem
1016 1223 1083 1288 eius

61 1311 216 1378 voluntati
232 1332 271 1377 ac
286 1310 433 1398 precibus
447 1312 610 1378 condonet.
635 1313 867 1402 Dumnorigem
880 1316 921 1380 ad
935 1338 970 1382 se
981 1325 1081 1396 vocat,

60 1406 192 1472 fratrem
213 1404 353 1485 adhibet3
380 1427 461 1491 quae
481 1407 515 1472 in
532 1429 569 1473 eo
586 1408 805 1494 reprehendat,
828 1410 976 1489 ostendit,
1002 1433 1083 1495 quae

10 1500 14 1509 '
60 1499 131 1586 ipse
147 1499 316 1587 intellegat,
335 1521 415 1585 quae
433 1499 542 1567 civitas
560 1512 715 1586 queratur,
733 1502 890 1589 proponit3
916 1513 1031 1582 monet,
1049 1513 1083 1569 ut

10 1595 15 1635 ³
60 1595 94 1660 in
110 1593 266 1678 reliquum
283 1603 407 1681 tempus
425 1617 532 1662 omnes
551 1597 743 1683 suspiciones
757 1597 847 1677 vitet3
864 1596 1031 1684 praeterita
1048 1620 1082 1664 se

10 1691 16 1730 ¹
60 1687 221 1754 Divitiaco
238 1687 326 1754 fratri
343 1690 518 1756 condonare
535 1690 619 1756 dicit
653 1690 843 1778 Dumnorigi
865 1689 1010 1758 custodes
1027 1713 1083 1777 po·

10 1784 18 1824 ·’
61 1783 116 1862 nit,
136 1791 181 1860 ut,
200 1803 281 1865 quae
298 1792 381 1870 agat,
399 1782 587 1869 quibuscum
604 1786 757 1870 loquatur,
777 1786 857 1851 scire
873 1786 983 1872 possit.

10 1882 21 1921 ¹
119 1875 245 1942 Eodem
262 1876 313 1941 die
330 1876 371 1943 ab
389 1878 635 1964 exploratoribus
653 1880 764 1945 certior
780 1879 882 1946 factus
899 1879 1005 1945 hostes
1024 1878 1082 1945 sub
1101 1899 1130 1947 ιι

10 1975 26 2017 ¹
61 1979 166 2037 monte
188 1970 368 2036 consedisse
393 1972 479 2037 milia
503 1995 654 2060 passuum
681 1973 720 2039 ab
747 1972 845 2059 ipsius
872 1973 981 2039 castris
1004 1981 1082 2052 octo,

10 2071 23 2111 Ξ
63 2065 164 2152 qualis
183 2074 266 2130 esset
282 2074 393 2131 natura
410 2067 573 2132 montiset
561 2067 695 2152 tqualis
716 2067 749 2132 in
772 2068 901 2134 circuitu
923 2089 1082 2146 ascensus,

10 2160 116 2245 qui
132 2170 364 2248 cognoscerent,
378 2159 471 2225 misit.
501 2162 710 2226 renuntiatum
724 2170 781 2240 est,
794 2161 919 2226 facilem
933 2183 1011 2226 esse.
1044 2161 1083 2225 de

10 2258 38 2339 ‚¹
62 2253 151 2319 tertia
168 2254 275 2342 vigilia
285 2253 392 2318 Titum
404 2252 592 2331 Labienum,
611 2254 749 2341 legatum
766 2276 823 2362 pro
839 2263 928 2340 praet
928 2276 991 2332 ore,
1010 2275 1082 2318 oum

10 2346 183 2414 duabus
205 2347 382 2457 legionibus
405 2348 470 2412 et'
461 2348 500 2414 ris
527 2345 673 2426 ducibus,
699 2348 754 2433 qui
777 2347 837 2413 iter
862 2356 1079 2434 cognoverant,

10 2446 18 2488 ⁵
61 2464 219 2510 summum
244 2443 355 2528 iugum
380 2442 494 2508 montis
521 2441 689 2507 ascendere
710 2441 810 2521 iubet3
836 2442 912 2528 quid
935 2441 983 2506 sui
1010 2463 1082 2508 con-

10 2541 18 2589 t
60 2536 122 2604 silii
149 2538 202 2615 sit,
229 2546 278 2602 ost
266 2537 425 2602 tendit.
415 2559 485 2623 1pse
506 2537 546 2602 de
568 2548 678 2621 quarta
698 2537 805 2625 vigilia
827 2538 937 2603 eodem
961 2537 1079 2617 itinere,

10 2632 22 2683 l
61 2653 123 2718 quo
150 2631 258 2698 hostes
283 2631 396 2710 ierant,
423 2632 465 2697 ad
490 2653 544 2698 eos
571 2641 643 2697 cont
631 2632 727 2697 tendi*
755 2633 988 2718 equitatumque
1014 2655 1081 2698 om-

10 2729 16 2791 ἒ
59 2749 133 2792 nem
151 2735 223 2795 ante
240 2747 276 2792 se
296 2725 399 2791 mittit
442 2725 480 2792 Ρ
500 2725 685 2807 Considius,
703 2727 757 2812 qui
773 2728 819 2793 rei
839 2727 979 2792 militaris
1000 2726 1081 2813 peri-

10 2821 14 2860 ῑ
60 2821 201 2887 tissimus
231 2819 405 2887 habebatur
431 2829 460 2886 et
489 2821 523 2887 in
549 2833 666 2888 exercrt
642 2821 754 2888 '.tuL
778 2821 885 2888 Sullae
916 2829 947 2885 et
971 2830 1082 2931 postea

10 2914 13 2953 ³
58 2915 93 2982 in
118 2913 167 2981 ln
196 2913 305 2982 Crassi
335 2915 449 2993 fuerat,
485 2938 557 2981 cum
588 2917 727 3003 explorat
715 2916 834 2982 toribus
868 2915 1080 3003 praemittitur.

57 3011 163 3098 prima
186 3009 266 3089 luce,
290 3031 362 3074 cum
384 3032 524 3077 summus
545 3034 636 3077 mons
658 3035 678 3076 a
695 3010 733 3076 Τ.
751 3011 895 3077 Labieno
917 3021 1080 3089 teneretur,
1100 3029 1131 3078 ιι

57 3106 129 3192 ipse
152 3103 192 3170 ab
213 3104 351 3170 hostium
373 3105 481 3171 castris
507 3127 571 3171 non
596 3105 720 3193 longius
745 3106 829 3171 mille
852 3115 883 3171 et
904 3104 1081 3192 quingentis

56 3198 208 3287 passibus
230 3197 368 3278 abesset,
390 3221 506 3285 neque,
528 3211 564 3266 ut
584 3212 694 3288 postea
711 3223 751 3267 ex
769 3201 899 3286 captivis
922 3199 1081 3285 comperit,

57 3301 116 3359 aut
133 3292 232 3380 ipsius
250 3293 402 3360 adventus
420 3303 474 3360 aut
490 3293 626 3360 Labieni
643 3295 785 3382 cognitus
804 3303 897 3372 esset,
912 3293 1081 3360 Considius

57 3408 142 3471 equo
168 3386 306 3454 admisso
332 3388 372 3453 ad
398 3410 471 3453 eum
497 3388 641 3468 accurrit,
669 3389 744 3454 dicit
769 3397 919 3467 montem,
947 3408 1041 3472 quem
1062 3412 1083 3455 a

55 3480 206 3548 Labieno
232 3483 377 3569 occupari
402 3483 547 3563 voluerit,
574 3481 614 3549 ab
636 3481 778 3549 hostibus
805 3482 920 3549 teneri:
951 3484 985 3549 id
1006 3505 1082 3550 sea

59 3573 194 3645 Gallicis
212 3577 306 3644 armis
324 3587 417 3663 atque
433 3577 611 3666 insignibus
630 3577 825 3665 cognovisse.
871 3577 990 3646 Caesar
1007 3603 1081 3646 suas

57 3671 169 3759 copias
186 3672 220 3737 in
236 3673 414 3757 proximum
432 3674 543 3739 collem
562 3671 717 3752 subducit,
730 3673 831 3740 aciem
847 3673 980 3740 instruit
1016 3674 1082 3740 La·

57 3765 187 3844 bienus,
214 3774 249 3831 ut
275 3776 340 3833 erat
365 3768 394 3833 ei
419 3776 620 3855 praeceptum
645 3790 665 3833 a
687 3767 838 3848 Caesare,
864 3790 904 3834 ne
928 3768 1081 3854 proelium

58 3861 276 3941 committeret,
290 3861 351 3928 nisi
367 3862 466 3949 ipsius
484 3864 592 3950 copiae
608 3884 706 3949 prope
723 3862 861 3929 hostium
879 3872 981 3928 castra
994 3863 1081 3930 visae

58 3966 181 4036 essent,
203 3964 239 4020 ut
255 3957 393 4044 undique
410 3979 473 4025 uno
490 3967 629 4046 ternpore
650 3957 684 4024 in
700 3957 807 4026 hostes
829 3957 965 4047 impetus
983 3958 1082 4039 fieret,
