<?xml version="1.0" encoding="UTF-8"?>
<!DOCTYPE html PUBLIC "-//W3C//DTD XHTML 1.0 Transitional//EN"
    "http://www.w3.org/TR/xhtml1/DTD/xhtml1-transitional.dtd">
<html xmlns="http://www.w3.org/1999/xhtml" xml:lang="en" lang="en">
 <head>
  <title>
</title>
<meta http-equiv="Content-Type" content="text/html;charset=utf-8" />
  <meta name='ocr-system' content='tesseract 3.04.00' />
  <meta name='ocr-capabilities' content='ocr_page ocr_carea ocr_par ocr_line ocrx_word'/>
</head>
<body>
  <div class='ocr_page' id='page_1' title='image "./ciuliicaesarisc01krangoog_0051.png"; bbox 0 0 2528 4336; ppageno 0'>
   <div class='ocr_carea' id='block_1_1' title="bbox 459 212 1119 286">
    <p class='ocr_par' dir='ltr' id='par_1_1' title="bbox 459 212 1119 286">
     <span class='ocr_line' id='line_1_1' title="bbox 459 212 1119 286; baseline -0.011 0"><span class='ocrx_word' id='word_1_1' title='bbox 459 226 580 286; x_wconf 72' lang='lat' dir='ltr'><strong>COMM·</strong></span> <span class='ocrx_word' id='word_1_2' title='bbox 597 227 651 285; x_wconf 84' lang='lat'><em>111.</em></span> <span class='ocrx_word' id='word_1_3' title='bbox 668 226 753 285; x_wconf 80' lang='lat' dir='ltr'><strong>4-s.</strong></span> <span class='ocrx_word' id='word_1_4' title='bbox 1075 212 1119 279; x_wconf 66' lang='lat'><strong>45</strong></span> 
     </span>
    </p>
   </div>
   <div class='ocr_carea' id='block_1_2' title="bbox 61 350 1121 1670">
    <p class='ocr_par' dir='ltr' id='par_1_2' title="bbox 61 350 1120 439">
     <span class='ocr_line' id='line_1_2' title="bbox 61 350 1120 439; baseline -0.008 -13"><span class='ocrx_word' id='word_1_5' title='bbox 61 385 78 426; x_wconf 79' lang='lat' dir='ltr'><strong>s</strong></span> <span class='ocrx_word' id='word_1_6' title='bbox 118 350 277 423; x_wconf 79' lang='lat' dir='ltr'><strong>laenitatem</strong></span> <span class='ocrx_word' id='word_1_7' title='bbox 292 352 482 439; x_wconf 81' lang='lat' dir='ltr'><strong>relinquunt</strong></span> <span class='ocrx_word' id='word_1_8' title='bbox 523 352 568 420; x_wconf 85' lang='lat' dir='ltr'><strong>ita</strong></span> <span class='ocrx_word' id='word_1_9' title='bbox 585 362 776 421; x_wconf 84' lang='lat' dir='ltr'><strong>commutata</strong></span> <span class='ocrx_word' id='word_1_10' title='bbox 792 351 917 419; x_wconf 72' lang='lat' dir='ltr'><strong>senuna</strong></span> <span class='ocrx_word' id='word_1_11' title='bbox 934 374 998 431; x_wconf 90' lang='lat' dir='ltr'><strong>eos,</strong></span> <span class='ocrx_word' id='word_1_12' title='bbox 1016 352 1071 437; x_wconf 92' lang='lat' dir='ltr'><strong>qui</strong></span> <span class='ocrx_word' id='word_1_13' title='bbox 1086 352 1120 417; x_wconf 91' lang='lat' dir='ltr'><strong>in</strong></span> 
     </span>
    </p>

    <p class='ocr_par' dir='ltr' id='par_1_3' title="bbox 71 447 1121 629">
     <span class='ocr_line' id='line_1_3' title="bbox 118 447 1121 538; baseline -0.005 -20"><span class='ocrx_word' id='word_1_14' title='bbox 118 469 188 536; x_wconf 77' lang='lat' dir='ltr'><strong>rpem</strong></span> <span class='ocrx_word' id='word_1_15' title='bbox 200 449 423 538; x_wconf 79' lang='lat' dir='ltr'><strong>potiundorum</strong></span> <span class='ocrx_word' id='word_1_16' title='bbox 444 457 618 517; x_wconf 70' lang='lat' dir='ltr'><strong>memorum</strong></span> <span class='ocrx_word' id='word_1_17' title='bbox 638 457 802 528; x_wconf 60' lang='lat' dir='ltr'><strong>veneant,</strong></span> <span class='ocrx_word' id='word_1_18' title='bbox 829 447 967 533; x_wconf 88' lang='lat' dir='ltr'><strong>undique</strong></span> <span class='ocrx_word' id='word_1_19' title='bbox 989 447 1121 514; x_wconf 91' lang='lat' dir='ltr'><strong>circum·</strong></span> 
     </span>
     <span class='ocr_line' id='line_1_4' title="bbox 71 540 1121 629; baseline -0.006 -17"><span class='ocrx_word' id='word_1_20' title='bbox 71 553 75 565; x_wconf 92' lang='lat'>&#39;</span> <span class='ocrx_word' id='word_1_21' title='bbox 118 552 205 617; x_wconf 63' lang='lat' dir='ltr'><strong>tenus,</strong></span> <span class='ocrx_word' id='word_1_22' title='bbox 229 543 420 611; x_wconf 81' lang='lat' dir='ltr'><strong>interficiunt</strong></span> <span class='ocrx_word' id='word_1_23' title='bbox 445 553 477 610; x_wconf 82' lang='lat' dir='ltr'><strong>et</strong></span> <span class='ocrx_word' id='word_1_24' title='bbox 499 565 539 610; x_wconf 87' lang='lat' dir='ltr'><strong>ex</strong></span> <span class='ocrx_word' id='word_1_25' title='bbox 564 542 727 609; x_wconf 91' lang='lat' dir='ltr'><strong>hominum</strong></span> <span class='ocrx_word' id='word_1_26' title='bbox 752 541 878 609; x_wconf 86' lang='lat' dir='ltr'><strong>milibus</strong></span> <span class='ocrx_word' id='word_1_27' title='bbox 905 540 1041 629; x_wconf 90' lang='lat' dir='ltr'><strong>amplius</strong></span> <span class='ocrx_word' id='word_1_28' title='bbox 1067 540 1121 606; x_wconf 89' lang='lat' dir='ltr'><strong>tri·</strong></span> 
     </span>
    </p>

    <p class='ocr_par' dir='ltr' id='par_1_4' title="bbox 116 636 1121 725">
     <span class='ocr_line' id='line_1_5' title="bbox 116 636 1121 725; baseline -0.005 -19"><span class='ocrx_word' id='word_1_29' title='bbox 116 636 192 724; x_wconf 70' lang='lat' dir='ltr'><strong>gnta,</strong></span> <span class='ocrx_word' id='word_1_30' title='bbox 208 660 305 725; x_wconf 84' lang='lat' dir='ltr'><strong>qnam</strong></span> <span class='ocrx_word' id='word_1_31' title='bbox 321 660 487 705; x_wconf 69' lang='lat' dir='ltr'><strong>nummum</strong></span> <span class='ocrx_word' id='word_1_32' title='bbox 504 636 708 705; x_wconf 86' lang='lat' dir='ltr'><strong>barbarorum</strong></span> <span class='ocrx_word' id='word_1_33' title='bbox 725 637 766 704; x_wconf 90' lang='lat' dir='ltr'><strong>ad</strong></span> <span class='ocrx_word' id='word_1_34' title='bbox 783 647 886 704; x_wconf 86' lang='lat' dir='ltr'><strong>castra</strong></span> <span class='ocrx_word' id='word_1_35' title='bbox 903 636 1029 702; x_wconf 83' lang='lat' dir='ltr'><strong>venisse</strong></span> <span class='ocrx_word' id='word_1_36' title='bbox 1047 657 1121 701; x_wconf 90' lang='lat' dir='ltr'><strong>con-</strong></span> 
     </span>
    </p>

    <p class='ocr_par' dir='ltr' id='par_1_5' title="bbox 61 730 1121 1574">
     <span class='ocr_line' id='line_1_6' title="bbox 117 730 1120 821; baseline -0.006 -20"><span class='ocrx_word' id='word_1_37' title='bbox 117 731 212 814; x_wconf 77' lang='lat' dir='ltr'><strong>stabat,</strong></span> <span class='ocrx_word' id='word_1_38' title='bbox 241 731 314 820; x_wconf 86' lang='lat' dir='ltr'><strong>plns</strong></span> <span class='ocrx_word' id='word_1_39' title='bbox 331 732 424 800; x_wconf 85' lang='lat' dir='ltr'><strong>tertia</strong></span> <span class='ocrx_word' id='word_1_40' title='bbox 443 741 532 821; x_wconf 79' lang='lat' dir='ltr'><strong>purte</strong></span> <span class='ocrx_word' id='word_1_41' title='bbox 553 731 718 799; x_wconf 79' lang='lat' dir='ltr'><strong>interfecta</strong></span> <span class='ocrx_word' id='word_1_42' title='bbox 737 732 874 818; x_wconf 89' lang='lat' dir='ltr'><strong>reliquos</strong></span> <span class='ocrx_word' id='word_1_43' title='bbox 890 730 1070 819; x_wconf 81' lang='lat' dir='ltr'><strong>perterritos</strong></span> <span class='ocrx_word' id='word_1_44' title='bbox 1086 730 1120 795; x_wconf 92' lang='lat' dir='ltr'><strong>in</strong></span> 
     </span>
     <span class='ocr_line' id='line_1_7' title="bbox 61 823 1121 915; baseline -0.007 -15"><span class='ocrx_word' id='word_1_45' title='bbox 61 858 85 900; x_wconf 84' lang='lat' dir='ltr'><strong>n</strong></span> <span class='ocrx_word' id='word_1_46' title='bbox 117 823 207 915; x_wconf 73' lang='lat' dir='ltr'><strong>lugam</strong></span> <span class='ocrx_word' id='word_1_47' title='bbox 222 827 381 895; x_wconf 81' lang='lat' dir='ltr'><strong>oomciunt</strong></span> <span class='ocrx_word' id='word_1_48' title='bbox 402 849 441 894; x_wconf 84' lang='lat' dir='ltr'><strong>ac</strong></span> <span class='ocrx_word' id='word_1_49' title='bbox 461 850 501 894; x_wconf 90' lang='lat' dir='ltr'><strong>ne</strong></span> <span class='ocrx_word' id='word_1_50' title='bbox 518 827 553 894; x_wconf 91' lang='lat' dir='ltr'><strong>in</strong></span> <span class='ocrx_word' id='word_1_51' title='bbox 572 827 650 895; x_wconf 87' lang='lat' dir='ltr'><strong>locis</strong></span> <span class='ocrx_word' id='word_1_52' title='bbox 668 827 796 912; x_wconf 90' lang='lat' dir='ltr'><strong>quidem</strong></span> <span class='ocrx_word' id='word_1_53' title='bbox 817 826 1029 914; x_wconf 88' lang='lat' dir='ltr'><strong>superioribus</strong></span> <span class='ocrx_word' id='word_1_54' title='bbox 1047 848 1121 893; x_wconf 90' lang='lat' dir='ltr'><strong>con·</strong></span> 
     </span>
     <span class='ocr_line' id='line_1_8' title="bbox 61 918 1121 1011; baseline -0.007 -16"><span class='ocrx_word' id='word_1_55' title='bbox 61 954 85 995; x_wconf 78' lang='lat' dir='ltr'><strong>n</strong></span> <span class='ocrx_word' id='word_1_56' title='bbox 117 918 206 989; x_wconf 75' lang='lat' dir='ltr'><strong>ebtcre</strong></span> <span class='ocrx_word' id='word_1_57' title='bbox 225 921 396 1011; x_wconf 78' lang='lat' dir='ltr'><strong>patiuntur.</strong></span> <span class='ocrx_word' id='word_1_58' title='bbox 440 922 488 990; x_wconf 93' lang='lat' dir='ltr'><strong>sic</strong></span> <span class='ocrx_word' id='word_1_59' title='bbox 512 922 659 989; x_wconf 91' lang='lat' dir='ltr'><strong>omnibus</strong></span> <span class='ocrx_word' id='word_1_60' title='bbox 684 922 822 990; x_wconf 90' lang='lat' dir='ltr'><strong>hostium</strong></span> <span class='ocrx_word' id='word_1_61' title='bbox 849 922 947 1008; x_wconf 90' lang='lat' dir='ltr'><strong>copiis</strong></span> <span class='ocrx_word' id='word_1_62' title='bbox 970 921 1050 988; x_wconf 80' lang='lat' dir='ltr'><strong>lusis</strong></span> <span class='ocrx_word' id='word_1_63' title='bbox 1072 943 1121 988; x_wconf 88' lang='lat' dir='ltr'><strong>ar·</strong></span> 
     </span>
     <span class='ocr_line' id='line_1_9' title="bbox 72 1013 1120 1104; baseline -0.002 -21"><span class='ocrx_word' id='word_1_64' title='bbox 72 1027 78 1039; x_wconf 89' lang='lat'>&#39;</span> <span class='ocrx_word' id='word_1_65' title='bbox 117 1013 218 1102; x_wconf 84' lang='lat' dir='ltr'><strong>nisque</strong></span> <span class='ocrx_word' id='word_1_66' title='bbox 233 1015 339 1083; x_wconf 88' lang='lat' dir='ltr'><strong>exutis</strong></span> <span class='ocrx_word' id='word_1_67' title='bbox 361 1037 396 1082; x_wconf 89' lang='lat' dir='ltr'><strong>se</strong></span> <span class='ocrx_word' id='word_1_68' title='bbox 416 1015 451 1082; x_wconf 88' lang='lat' dir='ltr'><strong>in</strong></span> <span class='ocrx_word' id='word_1_69' title='bbox 473 1026 576 1083; x_wconf 87' lang='lat' dir='ltr'><strong>castra</strong></span> <span class='ocrx_word' id='word_1_70' title='bbox 592 1016 844 1103; x_wconf 82' lang='lat' dir='ltr'><strong>munitionesque</strong></span> <span class='ocrx_word' id='word_1_71' title='bbox 866 1039 939 1083; x_wconf 87' lang='lat' dir='ltr'><strong>suae</strong></span> <span class='ocrx_word' id='word_1_72' title='bbox 957 1016 1120 1104; x_wconf 82' lang='lat' dir='ltr'><strong>recipiunt</strong></span> 
     </span>
     <span class='ocr_line' id='line_1_10' title="bbox 61 1108 1121 1198; baseline -0.001 -21"><span class='ocrx_word' id='word_1_73' title='bbox 61 1121 85 1186; x_wconf 61' lang='grc' dir='ltr'><strong>ι’</strong></span> <span class='ocrx_word' id='word_1_74' title='bbox 117 1128 161 1194; x_wconf 82' lang='lat' dir='ltr'><strong>quo</strong></span> <span class='ocrx_word' id='word_1_75' title='bbox 179 1110 298 1198; x_wconf 88' lang='lat' dir='ltr'><strong>proelio</strong></span> <span class='ocrx_word' id='word_1_76' title='bbox 319 1109 419 1189; x_wconf 79' lang='lat' dir='ltr'><strong>facto,</strong></span> <span class='ocrx_word' id='word_1_77' title='bbox 446 1111 531 1196; x_wconf 91' lang='lat' dir='ltr'><strong>quod</strong></span> <span class='ocrx_word' id='word_1_78' title='bbox 554 1112 678 1198; x_wconf 90' lang='lat' dir='ltr'><strong>saepius</strong></span> <span class='ocrx_word' id='word_1_79' title='bbox 701 1110 859 1177; x_wconf 77' lang='lat' dir='ltr'><strong>fortunam</strong></span> <span class='ocrx_word' id='word_1_80' title='bbox 880 1120 998 1177; x_wconf 89' lang='lat' dir='ltr'><strong>tentare</strong></span> <span class='ocrx_word' id='word_1_81' title='bbox 1017 1108 1121 1177; x_wconf 84' lang='lat' dir='ltr'><strong>Galba</strong></span> 
     </span>
     <span class='ocr_line' id='line_1_11' title="bbox 61 1201 1121 1290; baseline 0.002 -22"><span class='ocrx_word' id='word_1_82' title='bbox 61 1215 85 1280; x_wconf 57' lang='lat'><strong>52·</strong></span> <span class='ocrx_word' id='word_1_83' title='bbox 116 1201 221 1273; x_wconf 78' lang='lat' dir='ltr'><strong>nolebat</strong></span> <span class='ocrx_word' id='word_1_84' title='bbox 237 1213 332 1290; x_wconf 88' lang='lat' dir='ltr'><strong>atque</strong></span> <span class='ocrx_word' id='word_1_85' title='bbox 349 1203 411 1271; x_wconf 85' lang='lat' dir='ltr'><strong>alio</strong></span> <span class='ocrx_word' id='word_1_86' title='bbox 430 1227 464 1270; x_wconf 87' lang='lat' dir='ltr'><strong>se</strong></span> <span class='ocrx_word' id='word_1_87' title='bbox 480 1205 514 1270; x_wconf 89' lang='lat' dir='ltr'><strong>in</strong></span> <span class='ocrx_word' id='word_1_88' title='bbox 530 1205 661 1272; x_wconf 88' lang='lat' dir='ltr'><strong>hiberna</strong></span> <span class='ocrx_word' id='word_1_89' title='bbox 678 1205 809 1272; x_wconf 92' lang='lat' dir='ltr'><strong>consilio</strong></span> <span class='ocrx_word' id='word_1_90' title='bbox 825 1205 950 1272; x_wconf 88' lang='lat' dir='ltr'><strong>venisse</strong></span> <span class='ocrx_word' id='word_1_91' title='bbox 971 1205 1121 1270; x_wconf 90' lang='lat' dir='ltr'><strong>memine-</strong></span> 
     </span>
     <span class='ocr_line' id='line_1_12' title="bbox 61 1297 1121 1379; baseline 0.002 -17"><span class='ocrx_word' id='word_1_92' title='bbox 61 1310 84 1374; x_wconf 49' lang='grc' dir='ltr'><strong>τᾷ</strong></span> <span class='ocrx_word' id='word_1_93' title='bbox 115 1306 159 1376; x_wconf 82' lang='lat' dir='ltr'><strong>rat,</strong></span> <span class='ocrx_word' id='word_1_94' title='bbox 175 1297 244 1365; x_wconf 82' lang='lat' dir='ltr'><strong>aliis</strong></span> <span class='ocrx_word' id='word_1_95' title='bbox 262 1299 436 1365; x_wconf 87' lang='lat' dir='ltr'><strong>occurrisse</strong></span> <span class='ocrx_word' id='word_1_96' title='bbox 453 1298 547 1366; x_wconf 91' lang='lat' dir='ltr'><strong>rebus</strong></span> <span class='ocrx_word' id='word_1_97' title='bbox 564 1300 699 1379; x_wconf 84' lang='lat' dir='ltr'><strong>viderat,</strong></span> <span class='ocrx_word' id='word_1_98' title='bbox 717 1300 853 1365; x_wconf 79' lang='lat' dir='ltr'><strong>maxime</strong></span> <span class='ocrx_word' id='word_1_99' title='bbox 870 1299 1020 1364; x_wconf 83' lang='lat' dir='ltr'><strong>frumenti</strong></span> <span class='ocrx_word' id='word_1_100' title='bbox 1037 1321 1121 1365; x_wconf 88' lang='lat' dir='ltr'><strong>eom·</strong></span> 
     </span>
     <span class='ocr_line' id='line_1_13' title="bbox 61 1392 1120 1481; baseline 0.003 -26"><span class='ocrx_word' id='word_1_101' title='bbox 61 1404 83 1468; x_wconf 63' lang='lat' dir='ltr'><strong>p</strong></span> <span class='ocrx_word' id='word_1_102' title='bbox 115 1403 279 1478; x_wconf 85' lang='lat' dir='ltr'><strong>meatusque</strong></span> <span class='ocrx_word' id='word_1_103' title='bbox 295 1393 403 1480; x_wconf 90' lang='lat' dir='ltr'><strong>inopia</strong></span> <span class='ocrx_word' id='word_1_104' title='bbox 417 1401 578 1481; x_wconf 86' lang='lat' dir='ltr'><strong>permotus</strong></span> <span class='ocrx_word' id='word_1_105' title='bbox 595 1402 721 1481; x_wconf 87' lang='lat' dir='ltr'><strong>postero</strong></span> <span class='ocrx_word' id='word_1_106' title='bbox 739 1393 790 1460; x_wconf 91' lang='lat' dir='ltr'><strong>die</strong></span> <span class='ocrx_word' id='word_1_107' title='bbox 812 1392 957 1459; x_wconf 91' lang='lat' dir='ltr'><strong>omnibus</strong></span> <span class='ocrx_word' id='word_1_108' title='bbox 975 1393 1042 1459; x_wconf 90' lang='lat' dir='ltr'><strong>eius</strong></span> <span class='ocrx_word' id='word_1_109' title='bbox 1059 1392 1120 1458; x_wconf 89' lang='lat' dir='ltr'><strong>vici</strong></span> 
     </span>
     <span class='ocr_line' id='line_1_14' title="bbox 61 1485 1120 1574; baseline 0 -22"><span class='ocrx_word' id='word_1_110' title='bbox 61 1522 82 1564; x_wconf 84' lang='lat' dir='ltr'><strong>u</strong></span> <span class='ocrx_word' id='word_1_111' title='bbox 115 1485 246 1554; x_wconf 69' lang='lat' dir='ltr'><strong>mittan</strong></span> <span class='ocrx_word' id='word_1_112' title='bbox 261 1487 399 1554; x_wconf 80' lang='lat' dir='ltr'><strong>incensis</strong></span> <span class='ocrx_word' id='word_1_113' title='bbox 415 1488 449 1553; x_wconf 92' lang='lat' dir='ltr'><strong>in</strong></span> <span class='ocrx_word' id='word_1_114' title='bbox 465 1488 657 1574; x_wconf 86' lang='lat' dir='ltr'><strong>provinciam</strong></span> <span class='ocrx_word' id='word_1_115' title='bbox 669 1488 784 1553; x_wconf 88' lang='lat' dir='ltr'><strong>reverti</strong></span> <span class='ocrx_word' id='word_1_116' title='bbox 797 1487 965 1566; x_wconf 82' lang='lat' dir='ltr'><strong>contendit,</strong></span> <span class='ocrx_word' id='word_1_117' title='bbox 983 1507 1021 1552; x_wconf 89' lang='lat' dir='ltr'><strong>ac</strong></span> <span class='ocrx_word' id='word_1_118' title='bbox 1035 1485 1120 1552; x_wconf 90' lang='lat' dir='ltr'><strong>nullo</strong></span> 
     </span>
    </p>

    <p class='ocr_par' dir='ltr' id='par_1_6' title="bbox 114 1573 1121 1670">
     <span class='ocr_line' id='line_1_15' title="bbox 114 1573 1121 1670; baseline 0.004 -27"><span class='ocrx_word' id='word_1_119' title='bbox 114 1573 185 1647; x_wconf 83' lang='lat' dir='ltr'><strong>haste</strong></span> <span class='ocrx_word' id='word_1_120' title='bbox 209 1581 396 1669; x_wconf 78' lang='lat' dir='ltr'><strong>prohibente</strong></span> <span class='ocrx_word' id='word_1_121' title='bbox 427 1591 482 1649; x_wconf 86' lang='lat' dir='ltr'><strong>aut</strong></span> <span class='ocrx_word' id='word_1_122' title='bbox 511 1583 571 1649; x_wconf 90' lang='lat' dir='ltr'><strong>iter</strong></span> <span class='ocrx_word' id='word_1_123' title='bbox 600 1583 780 1650; x_wconf 77' lang='lat' dir='ltr'><strong>demorante</strong></span> <span class='ocrx_word' id='word_1_124' title='bbox 809 1582 999 1649; x_wconf 91' lang='lat' dir='ltr'><strong>incolumem</strong></span> <span class='ocrx_word' id='word_1_125' title='bbox 1024 1581 1121 1670; x_wconf 82' lang='lat' dir='ltr'><strong>legio-</strong></span> 
     </span>
    </p>
   </div>
   <div class='ocr_carea' id='block_1_3' title="bbox 61 1863 1154 4132">
    <p class='ocr_par' dir='ltr' id='par_1_7' title="bbox 61 1863 1153 1954">
     <span class='ocr_line' id='line_1_16' title="bbox 61 1863 1153 1954; baseline 0 -22"><span class='ocrx_word' id='word_1_126' title='bbox 61 1899 75 1940; x_wconf 53' lang='grc' dir='ltr'>Β</span> <span class='ocrx_word' id='word_1_127' title='bbox 159 1863 222 1932; x_wconf 86' lang='lat' dir='ltr'><strong>His</strong></span> <span class='ocrx_word' id='word_1_128' title='bbox 237 1865 334 1933; x_wconf 88' lang='lat' dir='ltr'><strong>rebus</strong></span> <span class='ocrx_word' id='word_1_129' title='bbox 350 1867 450 1954; x_wconf 86' lang='lat' dir='ltr'><strong>gestis</strong></span> <span class='ocrx_word' id='word_1_130' title='bbox 468 1888 540 1932; x_wconf 90' lang='lat' dir='ltr'><strong>cum</strong></span> <span class='ocrx_word' id='word_1_131' title='bbox 558 1866 704 1934; x_wconf 91' lang='lat' dir='ltr'><strong>omnibus</strong></span> <span class='ocrx_word' id='word_1_132' title='bbox 723 1867 881 1934; x_wconf 89' lang='lat' dir='ltr'><strong>decausis</strong></span> <span class='ocrx_word' id='word_1_133' title='bbox 896 1867 1015 1935; x_wconf 83' lang='lat' dir='ltr'><strong>Caesar</strong></span> <span class='ocrx_word' id='word_1_134' title='bbox 1027 1888 1121 1954; x_wconf 91' lang='lat' dir='ltr'><strong>paca·</strong></span> <span class='ocrx_word' id='word_1_135' title='bbox 1139 1886 1153 1932; x_wconf 88' lang='lat' dir='ltr'><strong>r</strong></span> 
     </span>
    </p>

    <p class='ocr_par' dir='ltr' id='par_1_8' title="bbox 61 1957 1121 2049">
     <span class='ocr_line' id='line_1_17' title="bbox 61 1957 1121 2049; baseline 0.003 -24"><span class='ocrx_word' id='word_1_136' title='bbox 61 1993 73 2033; x_wconf 67' lang='grc' dir='ltr'><em>ς</em></span> <span class='ocrx_word' id='word_1_137' title='bbox 114 1963 162 2025; x_wconf 71' lang='lat' dir='ltr'><strong>ltu</strong></span> <span class='ocrx_word' id='word_1_138' title='bbox 178 1957 315 2039; x_wconf 60' lang='lat' dir='ltr'><strong>Gallum</strong></span> <span class='ocrx_word' id='word_1_139' title='bbox 332 1958 538 2039; x_wconf 85' lang='lat' dir='ltr'><strong>existimaret,</strong></span> <span class='ocrx_word' id='word_1_140' title='bbox 562 1961 716 2049; x_wconf 87' lang='lat' dir='ltr'><strong>superatis</strong></span> <span class='ocrx_word' id='word_1_141' title='bbox 733 1960 858 2049; x_wconf 86' lang='lat' dir='ltr'><strong>Belgis,</strong></span> <span class='ocrx_word' id='word_1_142' title='bbox 882 1962 1022 2049; x_wconf 86' lang='lat' dir='ltr'><strong>expulsis</strong></span> <span class='ocrx_word' id='word_1_143' title='bbox 1041 1958 1121 2029; x_wconf 89' lang='lat' dir='ltr'><strong>Ger·</strong></span> 
     </span>
    </p>

    <p class='ocr_par' dir='ltr' id='par_1_9' title="bbox 61 2053 1120 2143">
     <span class='ocr_line' id='line_1_18' title="bbox 61 2053 1120 2143; baseline 0.002 -23"><span class='ocrx_word' id='word_1_144' title='bbox 61 2089 72 2129; x_wconf 63' lang='lat'>0</span> <span class='ocrx_word' id='word_1_145' title='bbox 114 2054 205 2133; x_wconf 71' lang='lat' dir='ltr'><strong>mnis,</strong></span> <span class='ocrx_word' id='word_1_146' title='bbox 222 2054 316 2122; x_wconf 83' lang='lat' dir='ltr'><strong>victis</strong></span> <span class='ocrx_word' id='word_1_147' title='bbox 332 2055 366 2121; x_wconf 90' lang='lat' dir='ltr'><strong>in</strong></span> <span class='ocrx_word' id='word_1_148' title='bbox 381 2053 520 2143; x_wconf 77' lang='lat' dir='ltr'><strong>Alpibus</strong></span> <span class='ocrx_word' id='word_1_149' title='bbox 535 2054 683 2134; x_wconf 87' lang='lat' dir='ltr'><strong>Sedunis,</strong></span> <span class='ocrx_word' id='word_1_150' title='bbox 702 2066 796 2140; x_wconf 89' lang='lat' dir='ltr'><strong>atque</strong></span> <span class='ocrx_word' id='word_1_151' title='bbox 813 2057 857 2122; x_wconf 84' lang='lat' dir='ltr'><strong>ita</strong></span> <span class='ocrx_word' id='word_1_152' title='bbox 874 2057 951 2124; x_wconf 89' lang='lat' dir='ltr'><strong>inita</strong></span> <span class='ocrx_word' id='word_1_153' title='bbox 968 2057 1071 2122; x_wconf 91' lang='lat' dir='ltr'><strong>hieme</strong></span> <span class='ocrx_word' id='word_1_154' title='bbox 1087 2059 1120 2123; x_wconf 91' lang='lat' dir='ltr'><strong>in</strong></span> 
     </span>
    </p>

    <p class='ocr_par' dir='ltr' id='par_1_10' title="bbox 61 2141 1122 2330">
     <span class='ocr_line' id='line_1_19' title="bbox 61 2141 1120 2237; baseline 0.003 -24"><span class='ocrx_word' id='word_1_155' title='bbox 61 2199 71 2213; x_wconf 89' lang='lat'><em>.</em></span> <span class='ocrx_word' id='word_1_156' title='bbox 114 2141 255 2232; x_wconf 81' lang='lat' dir='ltr'><strong>Illyricum</strong></span> <span class='ocrx_word' id='word_1_157' title='bbox 271 2149 432 2237; x_wconf 83' lang='lat' dir='ltr'><strong>profectus</strong></span> <span class='ocrx_word' id='word_1_158' title='bbox 450 2159 543 2229; x_wconf 85' lang='lat' dir='ltr'><strong>esset,</strong></span> <span class='ocrx_word' id='word_1_159' title='bbox 562 2151 647 2235; x_wconf 90' lang='lat' dir='ltr'><strong>quod</strong></span> <span class='ocrx_word' id='word_1_160' title='bbox 664 2172 719 2217; x_wconf 91' lang='lat' dir='ltr'><strong>eas</strong></span> <span class='ocrx_word' id='word_1_161' title='bbox 736 2172 861 2237; x_wconf 89' lang='lat' dir='ltr'><strong>quoque</strong></span> <span class='ocrx_word' id='word_1_162' title='bbox 877 2151 1019 2216; x_wconf 89' lang='lat' dir='ltr'><strong>nationes</strong></span> <span class='ocrx_word' id='word_1_163' title='bbox 1034 2152 1120 2216; x_wconf 89' lang='lat' dir='ltr'><strong>adire</strong></span> 
     </span>
     <span class='ocr_line' id='line_1_20' title="bbox 115 2241 1122 2330; baseline 0.007 -27"><span class='ocrx_word' id='word_1_164' title='bbox 115 2247 138 2303; x_wconf 86' lang='lat' dir='ltr'><strong>ct</strong></span> <span class='ocrx_word' id='word_1_165' title='bbox 149 2243 288 2330; x_wconf 83' lang='lat' dir='ltr'><strong>regiones</strong></span> <span class='ocrx_word' id='word_1_166' title='bbox 306 2264 495 2330; x_wconf 76' lang='lat' dir='ltr'><strong>cognoscere</strong></span> <span class='ocrx_word' id='word_1_167' title='bbox 512 2243 651 2322; x_wconf 88' lang='lat' dir='ltr'><strong>volebat,</strong></span> <span class='ocrx_word' id='word_1_168' title='bbox 676 2243 814 2310; x_wconf 91' lang='lat' dir='ltr'><strong>subitum</strong></span> <span class='ocrx_word' id='word_1_169' title='bbox 832 2244 949 2309; x_wconf 89' lang='lat' dir='ltr'><strong>bellum</strong></span> <span class='ocrx_word' id='word_1_170' title='bbox 965 2245 999 2309; x_wconf 93' lang='lat' dir='ltr'><strong>in</strong></span> <span class='ocrx_word' id='word_1_171' title='bbox 1017 2241 1122 2310; x_wconf 87' lang='lat' dir='ltr'><strong>Gallia</strong></span> 
     </span>
    </p>

    <p class='ocr_par' dir='ltr' id='par_1_11' title="bbox 61 2336 1122 2413">
     <span class='ocr_line' id='line_1_21' title="bbox 61 2336 1122 2413; baseline 0.001 -10"><span class='ocrx_word' id='word_1_172' title='bbox 61 2372 66 2413; x_wconf 68' lang='lat'>2</span> <span class='ocrx_word' id='word_1_173' title='bbox 116 2347 236 2403; x_wconf 73' lang='lat' dir='ltr'><strong>uorum</strong></span> <span class='ocrx_word' id='word_1_174' title='bbox 258 2345 317 2402; x_wconf 80' lang='lat' dir='ltr'><strong>est</strong></span> <span class='ocrx_word' id='word_1_175' title='bbox 362 2337 429 2403; x_wconf 89' lang='lat' dir='ltr'><strong>eius</strong></span> <span class='ocrx_word' id='word_1_176' title='bbox 451 2336 527 2405; x_wconf 89' lang='lat' dir='ltr'><strong>belli</strong></span> <span class='ocrx_word' id='word_1_177' title='bbox 547 2337 626 2403; x_wconf 89' lang='lat' dir='ltr'><strong>haec</strong></span> <span class='ocrx_word' id='word_1_178' title='bbox 643 2336 704 2402; x_wconf 87' lang='lat' dir='ltr'><strong>fuit</strong></span> <span class='ocrx_word' id='word_1_179' title='bbox 725 2359 830 2403; x_wconf 84' lang='lat' dir='ltr'><strong>causa</strong></span> <span class='ocrx_word' id='word_1_180' title='bbox 873 2337 1007 2402; x_wconf 88' lang='lat' dir='ltr'><strong>Publius</strong></span> <span class='ocrx_word' id='word_1_181' title='bbox 1027 2337 1122 2404; x_wconf 86' lang='lat' dir='ltr'><strong>Cras·</strong></span> 
     </span>
    </p>

    <p class='ocr_par' dir='ltr' id='par_1_12' title="bbox 61 2429 1122 2519">
     <span class='ocr_line' id='line_1_22' title="bbox 61 2429 1122 2519; baseline 0.004 -24"><span class='ocrx_word' id='word_1_182' title='bbox 61 2483 66 2495; x_wconf 94' lang='lat'>.</span> <span class='ocrx_word' id='word_1_183' title='bbox 116 2443 156 2492; x_wconf 80' lang='lat' dir='ltr'><strong>tus</strong></span> <span class='ocrx_word' id='word_1_184' title='bbox 170 2430 352 2497; x_wconf 77' lang='lat' dir='ltr'><strong>adulescens</strong></span> <span class='ocrx_word' id='word_1_185' title='bbox 371 2452 443 2496; x_wconf 90' lang='lat' dir='ltr'><strong>cum</strong></span> <span class='ocrx_word' id='word_1_186' title='bbox 460 2431 583 2519; x_wconf 84' lang='lat' dir='ltr'><strong>legione</strong></span> <span class='ocrx_word' id='word_1_187' title='bbox 597 2432 731 2518; x_wconf 89' lang='lat' dir='ltr'><strong>septima</strong></span> <span class='ocrx_word' id='word_1_188' title='bbox 743 2431 904 2519; x_wconf 88' lang='lat' dir='ltr'><strong>proximus</strong></span> <span class='ocrx_word' id='word_1_189' title='bbox 918 2455 1004 2499; x_wconf 89' lang='lat' dir='ltr'><strong>mare</strong></span> <span class='ocrx_word' id='word_1_190' title='bbox 1019 2429 1122 2500; x_wconf 88' lang='lat' dir='ltr'><strong>Ocea·</strong></span> 
     </span>
    </p>

    <p class='ocr_par' dir='ltr' id='par_1_13' title="bbox 61 2524 1122 2617">
     <span class='ocr_line' id='line_1_23' title="bbox 61 2524 1122 2617; baseline 0.006 -28"><span class='ocrx_word' id='word_1_191' title='bbox 61 2577 64 2588; x_wconf 92' lang='lat'>.</span> <span class='ocrx_word' id='word_1_192' title='bbox 115 2539 174 2589; x_wconf 80' lang='lat' dir='ltr'><strong>num</strong></span> <span class='ocrx_word' id='word_1_193' title='bbox 191 2525 225 2591; x_wconf 91' lang='lat' dir='ltr'><strong>in</strong></span> <span class='ocrx_word' id='word_1_194' title='bbox 245 2524 394 2592; x_wconf 87' lang='lat' dir='ltr'><strong>Andibus</strong></span> <span class='ocrx_word' id='word_1_195' title='bbox 416 2526 577 2593; x_wconf 83' lang='lat' dir='ltr'><strong>hiemaret</strong></span> <span class='ocrx_word' id='word_1_196' title='bbox 620 2529 664 2606; x_wconf 91' lang='lat' dir='ltr'><strong>is,</strong></span> <span class='ocrx_word' id='word_1_197' title='bbox 690 2527 776 2612; x_wconf 93' lang='lat' dir='ltr'><strong>quod</strong></span> <span class='ocrx_word' id='word_1_198' title='bbox 791 2527 826 2592; x_wconf 92' lang='lat' dir='ltr'><strong>in</strong></span> <span class='ocrx_word' id='word_1_199' title='bbox 847 2527 897 2593; x_wconf 92' lang='lat' dir='ltr'><strong>his</strong></span> <span class='ocrx_word' id='word_1_200' title='bbox 918 2527 995 2595; x_wconf 89' lang='lat' dir='ltr'><strong>locis</strong></span> <span class='ocrx_word' id='word_1_201' title='bbox 1016 2528 1122 2617; x_wconf 91' lang='lat' dir='ltr'><strong>inopia</strong></span> 
     </span>
    </p>

    <p class='ocr_par' dir='ltr' id='par_1_14' title="bbox 61 2610 1154 3652">
     <span class='ocr_line' id='line_1_24' title="bbox 61 2610 1121 2711; baseline 0.005 -26"><span class='ocrx_word' id='word_1_202' title='bbox 61 2684 62 2694; x_wconf 66' lang='grc'>,</span> <span class='ocrx_word' id='word_1_203' title='bbox 115 2610 244 2686; x_wconf 78' lang='lat' dir='ltr'><strong>frumenti</strong></span> <span class='ocrx_word' id='word_1_204' title='bbox 265 2629 345 2699; x_wconf 87' lang='lat' dir='ltr'><strong>erat,</strong></span> <span class='ocrx_word' id='word_1_205' title='bbox 370 2620 547 2708; x_wconf 80' lang='lat' dir='ltr'><strong>praefectos</strong></span> <span class='ocrx_word' id='word_1_206' title='bbox 569 2621 772 2707; x_wconf 84' lang='lat' dir='ltr'><strong>tribunosque</strong></span> <span class='ocrx_word' id='word_1_207' title='bbox 789 2622 923 2690; x_wconf 91' lang='lat' dir='ltr'><strong>militum</strong></span> <span class='ocrx_word' id='word_1_208' title='bbox 945 2625 1121 2711; x_wconf 87' lang='lat' dir='ltr'><strong>complures</strong></span> 
     </span>
     <span class='ocr_line' id='line_1_25' title="bbox 115 2703 1122 2804; baseline 0.005 -25"><span class='ocrx_word' id='word_1_209' title='bbox 115 2703 288 2780; x_wconf 75' lang='lat' dir='ltr'><strong>infinitimas</strong></span> <span class='ocrx_word' id='word_1_210' title='bbox 302 2714 444 2781; x_wconf 84' lang='lat' dir='ltr'><strong>civitates</strong></span> <span class='ocrx_word' id='word_1_211' title='bbox 457 2715 605 2781; x_wconf 79' lang='lat' dir='ltr'><strong>frumenti</strong></span> <span class='ocrx_word' id='word_1_212' title='bbox 619 2725 874 2802; x_wconf 79' lang='lat' dir='ltr'><strong>commeatusque</strong></span> <span class='ocrx_word' id='word_1_213' title='bbox 885 2718 1012 2804; x_wconf 90' lang='lat' dir='ltr'><strong>petendi</strong></span> <span class='ocrx_word' id='word_1_214' title='bbox 1026 2740 1122 2784; x_wconf 88' lang='lat' dir='ltr'><strong>causa</strong></span> 
     </span>
     <span class='ocr_line' id='line_1_26' title="bbox 115 2798 1121 2893; baseline 0.006 -21"><span class='ocrx_word' id='word_1_215' title='bbox 115 2798 228 2888; x_wconf 79' lang='lat' dir='ltr'><strong>dimisit3</strong></span> <span class='ocrx_word' id='word_1_216' title='bbox 251 2807 364 2893; x_wconf 93' lang='lat' dir='ltr'><strong>quoin</strong></span> <span class='ocrx_word' id='word_1_217' title='bbox 382 2830 511 2874; x_wconf 90' lang='lat' dir='ltr'><strong>numero</strong></span> <span class='ocrx_word' id='word_1_218' title='bbox 529 2819 595 2875; x_wconf 91' lang='lat' dir='ltr'><strong>erat</strong></span> <span class='ocrx_word' id='word_1_219' title='bbox 612 2808 703 2876; x_wconf 90' lang='lat' dir='ltr'><strong>Titus</strong></span> <span class='ocrx_word' id='word_1_220' title='bbox 723 2808 935 2890; x_wconf 82' lang='lat' dir='ltr'><strong>Terrasidius,</strong></span> <span class='ocrx_word' id='word_1_221' title='bbox 954 2812 1070 2880; x_wconf 88' lang='lat' dir='ltr'><strong>missus</strong></span> <span class='ocrx_word' id='word_1_222' title='bbox 1087 2812 1121 2878; x_wconf 92' lang='lat' dir='ltr'><strong>in</strong></span> 
     </span>
     <span class='ocr_line' id='line_1_27' title="bbox 113 2890 1120 2991; baseline 0.009 -26"><span class='ocrx_word' id='word_1_223' title='bbox 113 2890 245 2981; x_wconf 75' lang='lat' dir='ltr'><strong>Esubios,</strong></span> <span class='ocrx_word' id='word_1_224' title='bbox 263 2901 394 2969; x_wconf 87' lang='lat' dir='ltr'><strong>Marcus</strong></span> <span class='ocrx_word' id='word_1_225' title='bbox 413 2901 546 2970; x_wconf 86' lang='lat' dir='ltr'><strong>Trebius</strong></span> <span class='ocrx_word' id='word_1_226' title='bbox 566 2902 679 2971; x_wconf 81' lang='lat' dir='ltr'><strong>Gallus</strong></span> <span class='ocrx_word' id='word_1_227' title='bbox 696 2905 730 2970; x_wconf 91' lang='lat' dir='ltr'><strong>in</strong></span> <span class='ocrx_word' id='word_1_228' title='bbox 748 2904 963 2987; x_wconf 83' lang='lat' dir='ltr'><strong>Ouriosolitas,</strong></span> <span class='ocrx_word' id='word_1_229' title='bbox 983 2906 1120 2991; x_wconf 82' lang='lat' dir='ltr'><strong>Quintus</strong></span> 
     </span>
     <span class='ocr_line' id='line_1_28' title="bbox 114 2984 1154 3067; baseline 0.004 -5"><span class='ocrx_word' id='word_1_230' title='bbox 114 2984 247 3063; x_wconf 80' lang='lat' dir='ltr'><strong>Velanius</strong></span> <span class='ocrx_word' id='word_1_231' title='bbox 270 3019 343 3063; x_wconf 92' lang='lat' dir='ltr'><strong>cum</strong></span> <span class='ocrx_word' id='word_1_232' title='bbox 360 2997 433 3062; x_wconf 90' lang='lat' dir='ltr'><strong>Tito</strong></span> <span class='ocrx_word' id='word_1_233' title='bbox 453 2995 531 3064; x_wconf 87' lang='lat' dir='ltr'><strong>Silio</strong></span> <span class='ocrx_word' id='word_1_234' title='bbox 552 2999 586 3062; x_wconf 92' lang='lat' dir='ltr'><strong>in</strong></span> <span class='ocrx_word' id='word_1_235' title='bbox 606 2998 757 3066; x_wconf 85' lang='lat' dir='ltr'><strong>Venetos.</strong></span> <span class='ocrx_word' id='word_1_236' title='bbox 801 3000 894 3067; x_wconf 91' lang='lat' dir='ltr'><strong>huius</strong></span> <span class='ocrx_word' id='word_1_237' title='bbox 917 3010 966 3067; x_wconf 91' lang='lat' dir='ltr'><strong>est</strong></span> <span class='ocrx_word' id='word_1_238' title='bbox 988 3000 1120 3066; x_wconf 83' lang='lat' dir='ltr'><strong>civitatis</strong></span> <span class='ocrx_word' id='word_1_239' title='bbox 1139 3018 1154 3066; x_wconf 84' lang='lat'>8</span> 
     </span>
     <span class='ocr_line' id='line_1_29' title="bbox 113 3081 1122 3182; baseline 0.008 -29"><span class='ocrx_word' id='word_1_240' title='bbox 113 3081 190 3178; x_wconf 83' lang='lat' dir='ltr'><strong>longe</strong></span> <span class='ocrx_word' id='word_1_241' title='bbox 207 3091 402 3179; x_wconf 88' lang='lat' dir='ltr'><strong>amplissima</strong></span> <span class='ocrx_word' id='word_1_242' title='bbox 424 3093 592 3158; x_wconf 88' lang='lat' dir='ltr'><strong>auctoritas</strong></span> <span class='ocrx_word' id='word_1_243' title='bbox 615 3094 716 3160; x_wconf 91' lang='lat' dir='ltr'><strong>omnis</strong></span> <span class='ocrx_word' id='word_1_244' title='bbox 739 3116 812 3160; x_wconf 90' lang='lat' dir='ltr'><strong>orae</strong></span> <span class='ocrx_word' id='word_1_245' title='bbox 829 3095 1002 3160; x_wconf 83' lang='lat' dir='ltr'><strong>maritimae</strong></span> <span class='ocrx_word' id='word_1_246' title='bbox 1019 3095 1122 3182; x_wconf 85' lang='lat' dir='ltr'><strong>regio·</strong></span> 
     </span>
     <span class='ocr_line' id='line_1_30' title="bbox 110 3187 1123 3275; baseline 0.003 -24"><span class='ocrx_word' id='word_1_247' title='bbox 110 3200 172 3250; x_wconf 74' lang='lat' dir='ltr'><strong>tum</strong></span> <span class='ocrx_word' id='word_1_248' title='bbox 188 3207 311 3267; x_wconf 86' lang='lat' dir='ltr'><strong>aarum,</strong></span> <span class='ocrx_word' id='word_1_249' title='bbox 333 3187 419 3272; x_wconf 90' lang='lat' dir='ltr'><strong>quod</strong></span> <span class='ocrx_word' id='word_1_250' title='bbox 436 3196 468 3253; x_wconf 92' lang='lat' dir='ltr'><strong>et</strong></span> <span class='ocrx_word' id='word_1_251' title='bbox 483 3209 579 3254; x_wconf 86' lang='lat' dir='ltr'><strong>naves</strong></span> <span class='ocrx_word' id='word_1_252' title='bbox 597 3187 714 3255; x_wconf 88' lang='lat' dir='ltr'><strong>habent</strong></span> <span class='ocrx_word' id='word_1_253' title='bbox 730 3187 845 3255; x_wconf 88' lang='lat' dir='ltr'><strong>Veneti</strong></span> <span class='ocrx_word' id='word_1_254' title='bbox 865 3188 1030 3275; x_wconf 88' lang='lat' dir='ltr'><strong>plurimas,</strong></span> <span class='ocrx_word' id='word_1_255' title='bbox 1052 3189 1123 3274; x_wconf 90' lang='lat' dir='ltr'><strong>qui-</strong></span> 
     </span>
     <span class='ocr_line' id='line_1_31' title="bbox 109 3270 1121 3370; baseline 0.008 -27"><span class='ocrx_word' id='word_1_256' title='bbox 109 3270 155 3346; x_wconf 89' lang='lat' dir='ltr'><strong>bus</strong></span> <span class='ocrx_word' id='word_1_257' title='bbox 171 3281 206 3346; x_wconf 89' lang='lat' dir='ltr'><strong>in</strong></span> <span class='ocrx_word' id='word_1_258' title='bbox 221 3280 419 3348; x_wconf 88' lang='lat' dir='ltr'><strong>Britanniam</strong></span> <span class='ocrx_word' id='word_1_259' title='bbox 435 3283 584 3370; x_wconf 86' lang='lat' dir='ltr'><strong>navigare</strong></span> <span class='ocrx_word' id='word_1_260' title='bbox 602 3293 805 3362; x_wconf 90' lang='lat' dir='ltr'><strong>consuerunt,</strong></span> <span class='ocrx_word' id='word_1_261' title='bbox 833 3292 865 3348; x_wconf 86' lang='lat' dir='ltr'><strong>et</strong></span> <span class='ocrx_word' id='word_1_262' title='bbox 882 3283 1011 3349; x_wconf 92' lang='lat' dir='ltr'><strong>scientia</strong></span> <span class='ocrx_word' id='word_1_263' title='bbox 1027 3293 1121 3370; x_wconf 87' lang='lat' dir='ltr'><strong>atque</strong></span> 
     </span>
     <span class='ocr_line' id='line_1_32' title="bbox 108 3376 1121 3466; baseline 0.005 -25"><span class='ocrx_word' id='word_1_264' title='bbox 108 3391 157 3441; x_wconf 76' lang='lat' dir='ltr'><strong>usn</strong></span> <span class='ocrx_word' id='word_1_265' title='bbox 175 3376 373 3443; x_wconf 87' lang='lat' dir='ltr'><strong>nauticarum</strong></span> <span class='ocrx_word' id='word_1_266' title='bbox 393 3399 497 3443; x_wconf 89' lang='lat' dir='ltr'><strong>rerum</strong></span> <span class='ocrx_word' id='word_1_267' title='bbox 519 3378 656 3463; x_wconf 90' lang='lat' dir='ltr'><strong>reliquos</strong></span> <span class='ocrx_word' id='word_1_268' title='bbox 678 3377 868 3444; x_wconf 88' lang='lat' dir='ltr'><strong>antecedunt</strong></span> <span class='ocrx_word' id='word_1_269' title='bbox 896 3385 927 3441; x_wconf 92' lang='lat' dir='ltr'><strong>et</strong></span> <span class='ocrx_word' id='word_1_270' title='bbox 947 3377 980 3442; x_wconf 92' lang='lat' dir='ltr'><strong>in</strong></span> <span class='ocrx_word' id='word_1_271' title='bbox 1005 3401 1121 3466; x_wconf 86' lang='lat' dir='ltr'><strong>magno</strong></span> 
     </span>
     <span class='ocr_line' id='line_1_33' title="bbox 105 3465 1120 3559; baseline 0.007 -26"><span class='ocrx_word' id='word_1_272' title='bbox 105 3465 216 3557; x_wconf 83' lang='lat' dir='ltr'><strong>impetu</strong></span> <span class='ocrx_word' id='word_1_273' title='bbox 230 3471 327 3536; x_wconf 90' lang='lat' dir='ltr'><strong>maris</strong></span> <span class='ocrx_word' id='word_1_274' title='bbox 339 3479 433 3556; x_wconf 90' lang='lat' dir='ltr'><strong>atque</strong></span> <span class='ocrx_word' id='word_1_275' title='bbox 447 3481 554 3559; x_wconf 88' lang='lat' dir='ltr'><strong>aperto</strong></span> <span class='ocrx_word' id='word_1_276' title='bbox 566 3473 675 3559; x_wconf 89' lang='lat' dir='ltr'><strong>paucis</strong></span> <span class='ocrx_word' id='word_1_277' title='bbox 689 3471 831 3558; x_wconf 88' lang='lat' dir='ltr'><strong>portibus</strong></span> <span class='ocrx_word' id='word_1_278' title='bbox 844 3470 1021 3550; x_wconf 88' lang='lat' dir='ltr'><strong>interiectis,</strong></span> <span class='ocrx_word' id='word_1_279' title='bbox 1040 3495 1120 3558; x_wconf 89' lang='lat' dir='ltr'><strong>quos</strong></span> 
     </span>
     <span class='ocr_line' id='line_1_34' title="bbox 104 3564 1121 3652; baseline 0.003 -22"><span class='ocrx_word' id='word_1_280' title='bbox 104 3570 201 3631; x_wconf 76' lang='lat' dir='ltr'><strong>urent</strong></span> <span class='ocrx_word' id='word_1_281' title='bbox 213 3564 284 3652; x_wconf 86' lang='lat' dir='ltr'><strong>ipsi,</strong></span> <span class='ocrx_word' id='word_1_282' title='bbox 303 3587 411 3632; x_wconf 88' lang='lat' dir='ltr'><strong>omnes</strong></span> <span class='ocrx_word' id='word_1_283' title='bbox 425 3565 500 3643; x_wconf 80' lang='lat' dir='ltr'><strong>lere,</strong></span> <span class='ocrx_word' id='word_1_284' title='bbox 519 3568 574 3652; x_wconf 92' lang='lat' dir='ltr'><strong>qui</strong></span> <span class='ocrx_word' id='word_1_285' title='bbox 587 3589 624 3631; x_wconf 88' lang='lat' dir='ltr'><strong>eo</strong></span> <span class='ocrx_word' id='word_1_286' title='bbox 638 3566 717 3631; x_wconf 89' lang='lat' dir='ltr'><strong>mari</strong></span> <span class='ocrx_word' id='word_1_287' title='bbox 729 3565 775 3631; x_wconf 89' lang='lat' dir='ltr'><strong>uti</strong></span> <span class='ocrx_word' id='word_1_288' title='bbox 789 3575 987 3645; x_wconf 83' lang='lat' dir='ltr'><strong>consuerunt,</strong></span> <span class='ocrx_word' id='word_1_289' title='bbox 1005 3566 1121 3633; x_wconf 89' lang='lat' dir='ltr'><strong>habent</strong></span> 
     </span>
    </p>

    <p class='ocr_par' dir='ltr' id='par_1_15' title="bbox 61 3658 1149 4132">
     <span class='ocr_line' id='line_1_35' title="bbox 61 3658 1121 3749; baseline 0.005 -27"><span class='ocrx_word' id='word_1_290' title='bbox 61 3718 63 3749; x_wconf 44' lang='grc' dir='ltr'>ἰ</span> <span class='ocrx_word' id='word_1_291' title='bbox 103 3659 276 3747; x_wconf 80' lang='lat' dir='ltr'><strong>vectigales.</strong></span> <span class='ocrx_word' id='word_1_292' title='bbox 321 3658 361 3725; x_wconf 89' lang='lat' dir='ltr'><strong>ab</strong></span> <span class='ocrx_word' id='word_1_293' title='bbox 382 3659 432 3726; x_wconf 90' lang='lat' dir='ltr'><strong>his</strong></span> <span class='ocrx_word' id='word_1_294' title='bbox 454 3660 490 3726; x_wconf 89' lang='lat' dir='ltr'><strong>fit</strong></span> <span class='ocrx_word' id='word_1_295' title='bbox 506 3661 629 3726; x_wconf 90' lang='lat' dir='ltr'><strong>initium</strong></span> <span class='ocrx_word' id='word_1_296' title='bbox 650 3660 803 3726; x_wconf 89' lang='lat' dir='ltr'><strong>retinendi</strong></span> <span class='ocrx_word' id='word_1_297' title='bbox 822 3658 893 3727; x_wconf 89' lang='lat' dir='ltr'><strong>Silii</strong></span> <span class='ocrx_word' id='word_1_298' title='bbox 914 3671 1008 3746; x_wconf 87' lang='lat' dir='ltr'><strong>atque</strong></span> <span class='ocrx_word' id='word_1_299' title='bbox 1025 3660 1121 3728; x_wconf 85' lang='lat' dir='ltr'><strong>Vela-</strong></span> 
     </span>
     <span class='ocr_line' id='line_1_36' title="bbox 100 3752 1119 3840; baseline 0.004 -22"><span class='ocrx_word' id='word_1_300' title='bbox 100 3752 148 3832; x_wconf 90' lang='lat' dir='ltr'><strong>nii,</strong></span> <span class='ocrx_word' id='word_1_301' title='bbox 164 3753 253 3839; x_wconf 90' lang='lat' dir='ltr'><strong>quod</strong></span> <span class='ocrx_word' id='word_1_302' title='bbox 268 3775 326 3840; x_wconf 85' lang='lat' dir='ltr'><strong>per</strong></span> <span class='ocrx_word' id='word_1_303' title='bbox 342 3776 397 3820; x_wconf 92' lang='lat' dir='ltr'><strong>eos</strong></span> <span class='ocrx_word' id='word_1_304' title='bbox 415 3777 488 3821; x_wconf 90' lang='lat' dir='ltr'><strong>suos</strong></span> <span class='ocrx_word' id='word_1_305' title='bbox 508 3777 542 3822; x_wconf 91' lang='lat' dir='ltr'><strong>se</strong></span> <span class='ocrx_word' id='word_1_306' title='bbox 559 3755 699 3832; x_wconf 90' lang='lat' dir='ltr'><strong>obsides,</strong></span> <span class='ocrx_word' id='word_1_307' title='bbox 718 3777 797 3840; x_wconf 92' lang='lat' dir='ltr'><strong>quos</strong></span> <span class='ocrx_word' id='word_1_308' title='bbox 817 3754 934 3822; x_wconf 83' lang='lat' dir='ltr'><strong>Crasso</strong></span> <span class='ocrx_word' id='word_1_309' title='bbox 951 3755 1119 3836; x_wconf 86' lang='lat' dir='ltr'><strong>dedissent,</strong></span> 
     </span>
     <span class='ocr_line' id='line_1_37' title="bbox 98 3847 1121 3943; baseline 0.002 -29"><span class='ocrx_word' id='word_1_310' title='bbox 98 3856 332 3937; x_wconf 86' lang='lat' dir='ltr'><strong>recuperaturos</strong></span> <span class='ocrx_word' id='word_1_311' title='bbox 352 3848 579 3916; x_wconf 88' lang='lat' dir='ltr'><strong>existimabant.</strong></span> <span class='ocrx_word' id='word_1_312' title='bbox 602 3850 715 3915; x_wconf 89' lang='lat' dir='ltr'><strong>horum</strong></span> <span class='ocrx_word' id='word_1_313' title='bbox 733 3849 916 3943; x_wconf 63' lang='lat' dir='ltr'><strong>auctoritate</strong></span> <span class='ocrx_word' id='word_1_314' title='bbox 929 3847 1053 3915; x_wconf 84' lang='lat' dir='ltr'><strong>finitimi</strong></span> <span class='ocrx_word' id='word_1_315' title='bbox 1066 3850 1121 3916; x_wconf 88' lang='lat' dir='ltr'><strong>ad·</strong></span> 
     </span>
     <span class='ocr_line' id='line_1_38' title="bbox 98 3939 1124 4030; baseline -0.001 -21"><span class='ocrx_word' id='word_1_316' title='bbox 98 3939 180 4009; x_wconf 82' lang='lat' dir='ltr'><strong>ducti</strong></span> <span class='ocrx_word' id='word_1_317' title='bbox 197 3941 248 4028; x_wconf 90' lang='lat' dir='ltr'><strong>(ut</strong></span> <span class='ocrx_word' id='word_1_318' title='bbox 265 3951 339 4008; x_wconf 85' lang='lat' dir='ltr'><strong>sunt</strong></span> <span class='ocrx_word' id='word_1_319' title='bbox 357 3939 519 4009; x_wconf 86' lang='lat' dir='ltr'><strong>Gallorum</strong></span> <span class='ocrx_word' id='word_1_320' title='bbox 542 3944 645 4010; x_wconf 84' lang='lat' dir='ltr'><strong>subita</strong></span> <span class='ocrx_word' id='word_1_321' title='bbox 666 3954 698 4009; x_wconf 88' lang='lat' dir='ltr'><strong>et</strong></span> <span class='ocrx_word' id='word_1_322' title='bbox 718 3944 881 4030; x_wconf 88' lang='lat' dir='ltr'><strong>repentina</strong></span> <span class='ocrx_word' id='word_1_323' title='bbox 902 3944 1048 4027; x_wconf 64' lang='lat' dir='ltr'><strong>consiliat</strong></span> <span class='ocrx_word' id='word_1_324' title='bbox 1069 3967 1124 4009; x_wconf 77' lang='lat' dir='ltr'><strong>ea</strong></span> 
     </span>
     <span class='ocr_line' id='line_1_39' title="bbox 97 4035 1149 4132; baseline 0 -30"><span class='ocrx_word' id='word_1_325' title='bbox 97 4035 167 4105; x_wconf 90' lang='lat' dir='ltr'><strong>dem</strong></span> <span class='ocrx_word' id='word_1_326' title='bbox 175 4036 216 4105; x_wconf 86' lang='lat' dir='ltr'><strong>dc</strong></span> <span class='ocrx_word' id='word_1_327' title='bbox 225 4058 322 4103; x_wconf 88' lang='lat' dir='ltr'><strong>causa</strong></span> <span class='ocrx_word' id='word_1_328' title='bbox 331 4036 479 4105; x_wconf 89' lang='lat' dir='ltr'><strong>Trebium</strong></span> <span class='ocrx_word' id='word_1_329' title='bbox 491 4037 773 4132; x_wconf 86' lang='lat' dir='ltr'><strong>Terrasidiumque</strong></span> <span class='ocrx_word' id='word_1_330' title='bbox 784 4039 939 4120; x_wconf 62' lang='lat' dir='ltr'><strong>renuent,</strong></span> <span class='ocrx_word' id='word_1_331' title='bbox 952 4050 989 4106; x_wconf 80' lang='lat' dir='ltr'><strong>et</strong></span> <span class='ocrx_word' id='word_1_332' title='bbox 999 4037 1149 4104; x_wconf 66' lang='lat' dir='ltr'><strong>saeuus</strong></span> 
     </span>
    </p>
   </div>
   <div class='ocr_carea' id='block_1_4' title="bbox 0 0 1268 4336">
    <p class='ocr_par' dir='ltr' id='par_1_16' title="bbox 0 0 1268 4336">
     <span class='ocr_line' id='line_1_40' title="bbox 0 0 1268 4336; baseline 0 0"><span class='ocrx_word' id='word_1_333' title='bbox 0 0 1268 4336; x_wconf 95' lang='lat' dir='ltr'><strong> </strong></span> 
     </span>
    </p>
   </div>
  </div>
 </body>
</html>
