2414 4336
321 236 438 296 COMM.
455 239 519 297 VH.
539 238 662 295 86-90.
936 225 999 292 153

75 360 203 430 ionibus
232 363 392 430 reducunt.
440 364 476 429 fit
504 363 645 453 protinus
674 362 736 430 hac
764 384 798 428 re
828 360 935 427 audita
960 384 1000 429 ex

75 480 85 521 s
115 455 280 525 Gallorum
305 459 391 544 fuga.
440 460 525 544 quod
554 458 616 525 nisi
641 457 757 524 crebris
788 455 936 523 subsidiis
962 479 999 523 ac

93 553 157 618 diei
177 551 284 618 labore
304 553 418 619 milites
445 564 550 620 essent
575 553 706 631 defessi,
732 573 841 618 omnes
862 550 1000 616 hostium

75 668 85 711 e
110 646 208 713 deleri
227 647 412 734 potuissent
460 648 500 713 de
526 647 630 714 media
654 655 746 713 nocte
771 645 887 712 missus
913 645 1000 731 equi-

81 740 287 807 novissimum
313 763 427 828 agmen
453 741 665 826 consequiturt
692 763 825 828 magnus
850 761 998 806 numerus

75 857 96 900 u
112 845 208 921 atque
223 833 419 914 interficiun,
445 836 557 921 reliqui
574 859 615 902 ex
631 835 709 924 fuga
725 834 759 900 in
776 833 917 901 civitates
935 834 1000 900 dis-

75 941 98 996 ‚t
143 940 268 1018 postero
290 931 341 998 die
358 930 598 1020 Vercingetorix
620 931 752 998 concilio
774 940 945 997 convocato
966 930 1000 995 id
1015 948 1049 998 aa

75 1024 145 1091 lum
163 1025 339 1112 suscepisse
357 1047 420 1092 non
438 1049 565 1091 suarum
582 1026 817 1104 necessitatum,
842 1025 899 1092 sed
916 1047 1000 1092 com·

75 1168 76 1175 ,
102 1118 257 1186 libertatis
283 1141 378 1186 causa
403 1120 608 1199 demonstrat,
635 1129 667 1186 et
693 1121 841 1205 quoniam
870 1120 910 1185 sit
936 1119 1000 1186 for-

90 1213 282 1294 oedendum,
309 1215 351 1281 ad
371 1224 534 1301 utramque
559 1238 625 1282 rem
649 1238 684 1281 se
704 1215 766 1280 illis
789 1214 915 1293 offerre,
943 1237 1000 1281 seu

87 1332 150 1374 sua
167 1307 319 1375 Romanis
342 1309 522 1381 satisfacere
545 1332 601 1376 seu
623 1309 731 1376 vivum
753 1309 874 1374 uadere
891 1309 997 1374 velint.

75 1415 137 1471 itur
159 1403 198 1469 de
219 1402 269 1471 his
290 1403 385 1470 rebus
408 1405 448 1470 ad
467 1404 637 1472 Caesarem
659 1403 764 1492 legati
808 1401 895 1471 iubet
912 1426 999 1469 arma

86 1497 251 1586 principes
272 1499 413 1586 produci.
455 1499 523 1586 ipse
549 1501 583 1565 in
607 1499 778 1565 munitione
803 1520 861 1584 pro
888 1498 998 1564 castris

75 1596 128 1659 lit:
157 1615 194 1659 eo
216 1593 312 1661 duces
337 1594 561 1682 producuntur.
604 1594 844 1682 Vercingetorix
865 1593 998 1672 deditur,

75 1689 279 1776 proiciuntur.
322 1691 487 1756 reservatis
505 1690 648 1757 Haeduis
671 1699 764 1775 atque
781 1688 948 1770 Arvernis,
973 1691 1000 1756 si

75 1808 105 1849 ts
128 1782 271 1850 civitates
297 1805 480 1871 recuperare
505 1795 627 1870 posset,
655 1807 695 1849 ex
715 1782 843 1869 reliquis
867 1784 998 1871 captivis

75 1876 208 1944 xercitui
225 1877 327 1964 capita
344 1879 468 1966 singula
484 1879 618 1965 praedae
635 1879 761 1944 nomine
779 1878 946 1945 distribuit.

75 1977 100 2038 is
117 1970 214 2037 rebus
235 1972 386 2039 confectis
410 1974 445 2040 in
474 1972 627 2038 Haeduos
649 1973 869 2058 proficiscitur3
892 1973 999 2038 civita·
1017 1991 1049 2039 90

75 2066 175 2152 rcipit
219 2089 257 2132 eo
273 2067 369 2155 legati
386 2066 426 2133 ab
443 2066 596 2134 Arvernis
614 2069 717 2145 missi,
735 2089 816 2151 quae
833 2068 1000 2152 imperaret

76 2173 166 2226 turos
183 2161 378 2249 pollicentur.
412 2162 545 2249 imperat
563 2184 713 2248 magnum
731 2183 895 2227 numerum
913 2159 1000 2228 obsi-

75 2256 218 2344 legiones
231 2255 264 2322 in
276 2255 406 2323 hiberna
419 2256 522 2323 mittit.
545 2257 740 2343 captivorum
753 2255 874 2322 circiter
887 2253 1000 2342 viginti

75 2350 218 2417 Haeduis
232 2349 447 2435 Arvernisque
464 2351 575 2417 reddit.
608 2350 718 2416 Titum
730 2349 909 2415 Labienum
921 2350 1000 2414 dua·

75 2468 135 2511 um
159 2443 335 2531 legionibus
362 2454 393 2510 et
424 2443 563 2528 equitatu
588 2445 621 2510 in
649 2443 813 2529 Sequanos
843 2442 999 2530 proficisci

92 2539 166 2604 huic
174 2536 320 2604 Marcum
330 2536 551 2625 Sempronium
559 2539 701 2605 Rutilum
710 2537 862 2604 attribuit:
882 2534 999 2605 Gaium

75 2657 110 2698 m
128 2642 160 2698 et
171 2632 309 2719 Lucium
321 2632 498 2698 Minucium
511 2632 653 2700 Basilum
672 2655 743 2699 cum
761 2633 883 2699 duabus
902 2631 999 2719 legio-

83 2728 119 2792 in
135 2727 245 2793 Remis
263 2726 406 2805 collocat,
433 2749 585 2812 nequam
603 2727 643 2794 ab
665 2727 804 2794 finitimis
821 2725 998 2793 Bellovacis

74 2821 184 2887 itatem
197 2821 359 2908 acclpiant
387 2819 503 2888 Gaium
515 2820 690 2887 Antistium
702 2822 861 2910 Reginum
873 2822 907 2887 in
919 2819 1001 2887 Am-

75 2925 137 2995 tos,
161 2914 269 2980 Titum
288 2912 431 2982 Sextium
448 2915 482 2981 in
498 2916 674 3003 Bituriges,
694 2913 811 2983 Gaium
830 2916 999 2983 Caninium

75 3032 123 3075 im
140 3009 173 3073 in
186 3008 328 3074 Rutenos
346 3031 418 3074 cum
432 3009 563 3096 singulis
577 3008 754 3097 legionibus
767 3011 869 3075 mittit.
899 3008 1000 3091 Quin-

75 3103 202 3169 lullium
220 3102 405 3169 Ciceronem
427 3113 459 3168 et
474 3102 623 3170 Publium
647 3101 823 3190 Sulpicium
842 3100 999 3168 Cabilloni

75 3199 197 3264 tiscone
214 3198 248 3263 in
260 3197 403 3264 Haeduis
421 3197 463 3262 ad
474 3196 601 3264 Ararim
613 3197 659 3264 rei
670 3196 891 3264 fmmentariae
904 3217 1000 3260 causa

75 3301 116 3359 ot.
159 3291 228 3378 ipse
245 3289 392 3358 Bibracte
409 3291 547 3359 hiemare
565 3292 734 3359 constituit.
773 3289 823 3357 his
841 3287 997 3355 *litteris*

75 3389 108 3453 is
127 3385 248 3452 Romae
265 3387 386 3452 dierum
403 3386 515 3473 viginti
534 3386 719 3473 supplicatio
736 3383 884 3451 redditur.
