2414 4336
305 251 426 315 court
441 252 496 314 ΠΙ.
512 252 632 314 ts-at
939 238 980 308 51

10 384 68 447 ter
99 401 157 461 ea,
184 402 265 467 quae
291 379 446 460 ferebant,
478 401 574 447 onera
599 376 703 448 subito
729 376 852 444 duabus
882 378 981 466 portis

10 472 148 543 tionem
166 475 235 542 fieri
251 474 347 544 iubet
387 475 507 561 factum
524 484 573 541 est
589 473 820 563 opportunitate
836 473 907 553 loci,
925 472 983 540 ho·

10 592 31 639 n
61 571 240 639 inscientia
260 593 298 638 ac
319 569 557 660 defatigatione,
582 569 697 635 virtute
718 568 853 634 militum
875 577 907 635 et
929 591 982 634 su-

10 688 109 733 trum
135 688 315 754 pugnarum
340 665 574 744 exercitatione,
602 672 637 729 ut
662 685 702 729 ne
729 685 828 733 unum
854 662 982 748 quidem

10 782 131 828 rorum
164 760 316 846 impetum
349 758 466 826 ferrent
496 779 534 824 ac
565 757 671 825 statim
696 768 785 846 terga
815 765 980 824 verterent.

10 890 15 895 ·
45 855 228 943 impeditos
252 854 383 942 integris
410 853 529 920 viribus
556 853 670 922 milites
696 853 796 921 nostri
821 853 982 921 consecuti

10 973 102 1018 num
115 971 282 1016 numerum
295 971 402 1016 eorum
416 949 609 1027 occiderunt;
626 948 764 1034 reliquos
774 949 894 1035 equites
908 970 983 1016 con·

10 1045 57 1115 eti
78 1066 219 1133 paucos,
245 1043 301 1130 qui
323 1066 363 1111 ex
384 1043 464 1133 fuga
485 1052 663 1123 evaserant,
690 1043 890 1129 reliquerunt.
936 1043 982 1109 sic

27 1149 184 1226 tempore
206 1147 237 1205 ct
257 1138 298 1206 de
323 1138 427 1204 navali
452 1161 562 1226 pugna
584 1135 724 1205 Sabinus
750 1148 782 1205 et
807 1139 846 1204 de
870 1135 982 1205 Sabini

10 1235 81 1301 cria
101 1232 223 1301 Caesar
244 1233 356 1300 certior
377 1233 480 1300 factus
499 1243 561 1313 est,
584 1233 788 1318 civitatesque
814 1254 923 1299 omnes
946 1255 981 1299 se

10 1352 53 1397 m
73 1327 201 1395 'liturio
222 1327 417 1394 deducant
461 1351 536 1394 nam
557 1336 593 1394 ut
614 1327 656 1392 ad
677 1326 760 1394 bella
782 1328 982 1413 suscipienda

10 1422 120 1493 torum
143 1422 245 1489 alacer
266 1444 304 1490 ac
324 1431 488 1511 promptus
516 1431 565 1489 est
585 1422 724 1501 animus,
751 1421 798 1487 sic
818 1421 922 1487 mollis
944 1443 982 1487 ac

10 1518 80 1587 ime
106 1516 258 1584 resistens
285 1516 326 1584 ad
356 1517 550 1584 calamitates
579 1515 782 1603 perferendas
812 1537 902 1583 mens
929 1536 982 1580 eo-

10 1622 100 1701 hesi·

10 1704 143 1797 {todem
173 1707 240 1773 tera
269 1715 408 1794 tempore
435 1706 473 1772 P.
503 1705 653 1786 Crassus,
686 1728 759 1774 cum
789 1706 823 1772 in
847 1705 982 1792 Aquita·
999 1725 1032 1775 20

10 1802 259 1891 ppervenisset,
278 1824 360 1890 quae
375 1824 459 1890 pars,
478 1812 513 1867 ut
529 1810 602 1869 ante
620 1802 738 1868 dictum
756 1813 814 1882 est,
833 1810 865 1868 et
880 1802 982 1889 regio-

52 1897 220 1963 latitudine
242 1905 274 1963 et
299 1896 497 1964 multitudiue
524 1896 687 1964 hominum
713 1919 753 1963 ex
779 1897 869 1963 tertia
893 1906 982 1983 parte

10 1918 132 2061 lineat
152 1990 362 2072 aestimanda,
389 2013 462 2058 cum
482 1991 677 2080 intellegeret
702 1991 735 2057 in
757 1991 796 2058 iis
819 1991 896 2057 locis
921 1989 982 2057 sibi

20 2162 24 2177 Ι
96 2085 285 2172 gerendum,
320 2084 376 2152 ubi
404 2086 514 2173 paucis
546 2095 618 2153 ante
648 2086 739 2153 annis
765 2086 806 2152 L.
833 2084 981 2151 Valerius

23 2252 28 2261 ,
73 2180 147 2249 nius
164 2179 290 2267 lagatus
307 2180 446 2247 exercitu
462 2181 555 2268 pulso
572 2180 755 2247 interfectus
774 2188 867 2258 esset,
886 2188 980 2264 atque

56 2276 100 2343 Ia
121 2274 254 2343 Mallius
279 2275 447 2363 proconsul
467 2275 697 2362 impedimentis
723 2274 847 2341 amissis
872 2272 981 2362 profu·
1019 2279 1022 2284 '

54 2417 65 2451 ,
92 2393 159 2437 non
179 2370 370 2437 mediocrem
392 2370 453 2437 sibi
479 2371 673 2457 diligentiam
699 2368 909 2436 adhibendam
933 2369 981 2435 in-

86 2473 130 2532 at.
174 2464 282 2549 itaque
302 2485 337 2531 re
358 2464 562 2531 frumentaria
582 2465 721 2553 provisa,
749 2463 872 2531 auxiliis
895 2464 981 2550 equi·

61 2581 79 2626 e
99 2568 295 2646 comparato,
318 2559 424 2626 mrdtis
442 2569 603 2647 praeterea
619 2561 695 2626 viris
712 2559 846 2626 fortibus
864 2558 982 2626 Tolosa

10 2654 165 2745 ¹arbone,
190 2675 273 2739 quae
295 2663 369 2721 suut
391 2654 532 2721 civitates
551 2652 675 2722 Galliae
691 2654 871 2742 provinciae
888 2654 982 2720 finiti-

10 2747 98 2815 this
129 2746 328 2836 regionibus,
358 2749 543 2815 nominatim
573 2750 711 2816 evocatis
742 2750 776 2814 in
803 2747 982 2817 Sentiatum

10 2842 228 2910 auerdtum
249 2843 430 2910 introduxit.
475 2845 564 2911 cuius
587 2845 725 2911 adventu
751 2846 876 2934 cognito
900 2844 982 2913 Son·

10 2936 193 3025 tameguis
218 2937 318 3026 copiis
344 2939 461 3005 coactis
484 2939 700 3025 equitatuque,
727 2963 791 3026 quo
812 2940 982 3028 plurimum

10 3024 108 3111 bant,
127 3031 162 3096 in
172 3030 283 3099 itinere
295 3055 411 3121 agmen
419 3042 561 3100 nostrum
574 3034 675 3100 adorti
688 3035 824 3122 primum
838 3045 981 3120 equestre

10 3127 108 3195 dium
131 3126 369 3207 commiserunt,
396 3128 509 3194 deinde
531 3129 671 3214 equitatu
694 3152 752 3197 suo
773 3130 866 3217 pulso
888 3140 981 3214 atque

10 3217 193 3309 putentibus
210 3221 325 3288 nostris
339 3221 444 3289 subito
456 3223 619 3310 pedestres
634 3224 750 3311 copias,
769 3246 848 3309 quas
862 3224 896 3287 in
907 3244 982 3288 con·

10 3338 22 3384 t
49 3315 92 3383 in
117 3312 242 3381 insidiis
268 3316 512 3396 collocaverant,
539 3318 751 3384 ostenderunt
798 3316 832 3381 hi
857 3325 981 3383 nostros

10 3420 99 3478 tctos
117 3407 221 3475 adorti
240 3410 393 3496 proelium
414 3421 613 3477 renovarunt
661 3419 836 3498 pugnatum
858 3419 906 3478 est
928 3411 982 3476 diu
1000 3429 1030 3478 tr

10 3527 37 3573 re
57 3501 186 3582 acriter,
205 3524 276 3569 cum
296 3501 455 3572 Sontiates
473 3506 685 3593 superioribus
703 3505 841 3572 victoriis
858 3505 931 3572 freti
948 3507 982 3572 in

25 3598 153 3665 virtute
179 3597 275 3663 totius
296 3598 487 3683 Aquitaniae
514 3599 648 3665 salutem
669 3599 805 3686 positam
825 3610 980 3689 putarent,

10 3693 45 3761 ri
65 3699 190 3771 autem,
216 3691 294 3778 quid
311 3692 378 3760 sine
396 3694 582 3781 imperatore
600 3705 631 3760 et
653 3693 721 3760 sine
737 3694 865 3780 reliquis
883 3695 981 3781 legio

10 3810 39 3855 rs
72 3784 311 3854 adulescentulo
337 3789 418 3855 duce
445 3788 570 3856 efficere
595 3798 739 3876 possent,
769 3789 905 3876 perspici
927 3811 982 3855 cu·

10 3889 74 3949 ent:
92 3880 223 3947 undem
240 3882 376 3950 confecti
392 3883 574 3951 vulneribus
589 3884 697 3951 hostes
710 3894 800 3973 terga
811 3893 978 3952 vertenrnt

10 3998 86 4045 rum
102 3997 222 4065 magno
243 3999 373 4045 numero
394 3978 559 4047 interfecto
577 3977 717 4049 Crassus
738 4003 781 4048 ex
797 3981 911 4047 itinere
926 4002 985 4067 op-

10 4093 55 4135 nn
75 4069 257 4137 sormam
278 4095 466 4165 oppugnare
489 4079 610 4172 coepit.
655 4079 778 4172 quibus
798 4077 929 4238 {oriar
951 4097 1008 4141 re-
