2414 4336
154 219 216 288 106
471 229 524 286 DE
541 227 668 287 BELLO
688 226 863 287 cnumco

152 358 263 427 eodem
279 353 366 422 victu
382 363 414 422 et
431 353 518 421 cultu
535 352 672 442 corporis
690 361 841 432 utuntur,
861 347 966 421 Gallis
985 360 1037 421 ants

151 452 323 519 vinciatum
344 449 559 538 propinquitas
581 459 613 515 et
638 447 923 515 transmarinarum
943 470 1035 516 rerum

151 545 250 613 multa
267 546 308 612 ad
325 544 448 631 copiam
465 553 559 630 atque
577 565 654 610 usus
671 543 818 631 largimr,
842 541 997 630 paulatim
1009 566 1037 611 os

152 642 292 730 superari
312 639 481 725 multisque
501 637 578 705 victi
598 637 725 725 proeliis
747 658 788 704 ne
811 659 850 704 se
871 637 1037 726 quidemip

151 737 213 804 illis
230 736 345 802 virtute
362 743 552 822 comparant

102 851 135 902 25
216 831 324 899 Huius
342 829 521 917 Hercyniae
539 829 652 909 silvae,
677 849 760 914 quae
777 849 877 916 supra
895 827 1037 895 demonstr

152 927 282 993 latitudo
299 948 413 993 novem
430 925 551 991 dierum
567 924 627 990 iter
639 924 786 1012 expedito
797 931 905 1010 patet:
924 946 989 990 non
999 922 1037 990 en'

153 1022 235 1088 liniri
255 1030 371 1109 potest,
398 1041 500 1106 neque
521 1041 683 1085 mensuras
704 1018 855 1085 itinerum
875 1026 1034 1085 novemnt

154 1116 195 1184 ab
207 1116 425 1183 Helvetiorum
438 1123 469 1179 et
481 1112 649 1180 Nemetum
662 1122 694 1179 et
705 1112 931 1180 Rauracorum
943 1113 1037 1179 finibu

153 1233 216 1297 que
237 1208 373 1276 fluminis
390 1207 532 1274 Danuvii
553 1208 680 1296 regione
701 1206 838 1293 pertinet
859 1207 906 1273 ad
926 1206 1037 1274 linesi

154 1313 186 1371 et
197 1301 378 1370 Anartium:
396 1302 470 1367 hinc
484 1323 518 1368 se
530 1301 626 1368 flectit
640 1301 838 1367 sinistrorsus
852 1301 989 1369 diversis
1002 1301 1037 1368 ab

153 1397 333 1488 regionibus
355 1395 584 1482 multarumque
606 1394 748 1484 gentium
770 1395 852 1461 fines
874 1405 1037 1484 proptern

154 1496 258 1561 dinem
276 1491 414 1580 attingit3
432 1512 533 1575 neque
550 1492 718 1576 quisquam
733 1500 783 1556 est
799 1491 897 1558 huius
913 1490 1037 1560 Germa

155 1610 190 1654 se
207 1596 261 1652 aut
278 1586 382 1652 adisse
400 1585 441 1651 ad
456 1585 579 1650 initium
597 1585 664 1651 eius
679 1585 777 1652 silvae
789 1585 885 1666 dicat,
905 1587 1037 1653 cumdio

153 1679 224 1747 LX
239 1679 441 1767 processerit,
459 1695 522 1760 aut,
540 1702 603 1765 quo
621 1701 661 1746 ex
677 1679 747 1746 loeo
764 1680 899 1760 oriatur,
917 1703 1037 1767 acceper

154 1783 248 1858 taque
264 1773 298 1838 in
315 1795 353 1839 es
368 1795 485 1860 genera
501 1774 638 1841 ferarum
654 1773 743 1841 nasci
760 1782 896 1854 constat,
915 1797 997 1860 quae
1008 1797 1037 1840 rc

154 1866 232 1933 locis
249 1866 319 1933 visa
339 1889 403 1933 non
420 1868 497 1947 sint3
524 1891 564 1934 ex
585 1868 699 1954 quibus
718 1890 799 1953 quae
816 1869 959 1935 maxime
981 1868 1037 1935 diffi

105 1979 138 2029 26
156 1962 266 2028 ceteris
285 1970 316 2027 et
333 1962 502 2028 memoriae
523 1963 685 2048 prodenda
700 1963 880 2043 videantur,
908 1964 989 2032 haec
1009 1987 1037 2030 su

155 2056 214 2124 bos
232 2057 316 2124 cervi
333 2056 448 2145 figura,
476 2058 565 2125 cuius
588 2058 730 2124 amedia
746 2058 848 2124 fronte
870 2059 956 2126 inter
976 2081 1037 2126 aure

156 2172 253 2218 comu
270 2151 392 2219 exsistit
405 2153 559 2219 excelsius
572 2153 737 2239 magisque
750 2152 906 2218 directum
918 2153 979 2233 his,
996 2176 1037 2238 qu

157 2255 231 2313 nota
249 2256 335 2327 sunt,
362 2246 518 2314 cornibus.
562 2246 602 2313 ab
621 2247 688 2313 sius
708 2268 831 2313 summo
850 2246 935 2313 sicut
949 2247 1037 2334 pnlmr

157 2362 218 2426 que
239 2340 302 2407 late
324 2341 549 2408 diffinduntur.
594 2339 705 2405 eadem
727 2348 775 2406 est
797 2339 936 2408 feminae
952 2340 1037 2407 maris

107 2453 139 2502 27
157 2445 239 2513 tura,
266 2435 376 2501 eadem
397 2436 499 2502 forma
519 2435 764 2523 magnitudoque
790 2456 954 2502 cornuum.
998 2458 1037 2501 su

158 2550 238 2614 quae
256 2529 451 2615 appellantur
469 2529 562 2597 aloes.
588 2531 699 2596 harum
717 2539 765 2596 est
778 2530 952 2597 consimilis
965 2531 1037 2616 capr?

158 2631 189 2688 et
202 2622 336 2688 varietas
349 2622 487 2709 pellium,
506 2625 562 2690 sed
574 2623 790 2711 magnitudine
803 2623 899 2711 poulo
912 2624 1037 2692 anteced

158 2715 292 2802 tilaeque
310 2726 384 2782 sunt
400 2715 545 2784 cornibus
563 2727 594 2784 et
611 2739 702 2785 crura
719 2717 786 2785 sinc
803 2718 895 2784 nodis
914 2718 1037 2784 articuli

158 2808 247 2891 bent,
277 2832 380 2896 neque
406 2811 518 2896 quietis
546 2835 641 2878 causa
666 2810 890 2900 procumbunt,
918 2834 1032 2897 neque,

159 2903 294 2971 afflictae
311 2926 387 2971 casu
404 2906 606 2985 conciderint,
630 2907 748 2994 erigere
766 2927 837 2972 sese
855 2914 910 2972 sut
928 2905 1036 2973 sublev

160 3007 241 3065 sunt.
276 2999 326 3064 his
344 3009 417 3065 sunt
433 2998 558 3065 arbores
576 3023 633 3086 pro
651 2999 820 3067 cubilibus:
840 3000 881 3066 ad
899 3021 954 3067 eas
974 3022 1009 3066 se
1025 3023 1037 3066 a

159 3102 253 3178 atque
269 3092 314 3158 ita
329 3093 457 3180 pardum
474 3095 569 3160 modo
585 3093 752 3161 reclinatae
768 3094 906 3180 quietem
924 3096 1037 3182 capiun

158 3211 229 3254 rum
254 3210 294 3252 ex
319 3187 459 3274 vestigiis
485 3208 557 3252 cum
583 3197 631 3253 est
652 3189 903 3255 animadversum
925 3212 945 3255 a
970 3211 1037 3255 vem

161 3303 223 3366 quo
241 3302 276 3348 se
292 3280 429 3367 recipere
447 3282 638 3361 consuerint,
665 3304 774 3348 omnes
793 3304 829 3348 eo
847 3282 919 3348 loco
941 3293 997 3349 aut
1015 3282 1037 3349 al

159 3373 219 3440 bus
238 3374 392 3441 subruunt
409 3382 463 3441 aut
480 3375 624 3441 accidunt
637 3375 773 3456 arbores,
792 3385 913 3442 tantum
926 3386 961 3442 ut
976 3401 1037 3443 sun

162 3468 225 3534 cies
248 3491 355 3534 earum
377 3468 527 3536 stantium
546 3470 746 3556 relinquatur.
792 3470 855 3537 huc
873 3492 946 3537 oum
964 3495 1001 3538 se
1018 3493 1037 3538 o

162 3563 233 3629 dine
245 3561 481 3644 reclinaverrmt,
494 3564 633 3631 infirmas
646 3564 772 3632 arbores
780 3565 918 3652 pondere
932 3565 1037 3654 affligi

111 3675 144 3726 28
162 3680 225 3723 una
240 3655 328 3744 ipsae
345 3659 520 3724 concidunt.
548 3659 672 3723 tertium
685 3668 733 3724 est
745 3681 845 3747 genus
860 3681 977 3738 eorum,
998 3681 1037 3744 qu

161 3750 324 3839 pellantur.
371 3751 405 3816 hi
426 3760 499 3818 sunt
520 3751 735 3838 magnitudine
759 3753 854 3839 paulo
880 3751 964 3818 infra
991 3753 1037 3818 ele

163 3847 266 3933 speeie
284 3856 315 3913 et
332 3845 434 3912 colore
451 3856 482 3912 et
498 3845 600 3935 figura
616 3846 707 3913 tauri.
750 3870 866 3934 magna
887 3847 937 3913 vis
956 3869 1037 3914 eoru

162 3962 277 4026 magna
298 3939 460 4021 velocitas,
486 3963 589 4027 neque
605 3941 724 4008 homini
745 3963 846 4027 neque
868 3941 969 4022 ferae,
998 3965 1037 4028 qu

165 4044 342 4119 spexeurnt,
358 4043 499 4122 parcunt.
525 4035 584 4106 hos
598 4036 735 4105 studiose
749 4035 849 4105 foveis
863 4046 972 4126 captos
985 4036 1037 4105 int
