2414 4336
156 233 198 303 22
470 241 523 298 DE
540 239 668 300 BELLO
688 239 856 300 effluo

155 371 196 439 ab
222 364 467 458 exploratoribus
489 366 601 433 certior
625 365 727 433 factus
754 375 816 448 est,
842 364 998 432 Ariovisti
1024 363 1169 453 copiast

155 465 270 534 nostris
287 462 413 529 milibus
430 484 582 550 passuum
598 469 745 547 quattuor
762 470 794 527 et
810 460 923 550 viginti
939 459 1068 526 abesse.

105 583 138 634 42
221 557 357 646 Cognito
376 555 521 624 Caesaris
542 557 681 623 adventu
697 554 879 624 Ariovistus
900 555 1022 643 legatos
1046 555 1093 622 ad
1113 577 1177 623 eum

156 655 263 722 mittit:
282 652 367 738 quod
384 661 476 717 antea
494 652 533 718 de
551 651 705 736 colloquio
722 651 923 738 postulasset,
940 651 975 716 id
991 671 1051 737 per
1070 672 1107 717 se
1119 649 1180 718 lieri

156 751 260 827 licere,
279 747 428 833 quoniam
444 745 573 834 propius
587 747 782 826 accessisset,
802 768 898 831 seque
914 747 949 812 id
961 745 1029 812 sine
1042 745 1181 834 periculo

157 847 262 913 facere
278 863 374 932 posse
392 841 577 908 existimare.
612 865 676 910 non
692 844 812 930 respuit
829 843 1046 910 condicionem
1067 841 1182 911 Caesar

157 941 283 1025 iamque
306 960 379 1004 eum
400 936 443 1004 ad
464 938 629 1003 sanitatem
653 940 766 1004 reverti
792 936 1011 1018 arbitrabatur,
1041 960 1119 1005 cum
1143 938 1183 1019 id,

158 1035 244 1121 quod
257 1042 349 1100 antea
361 1031 479 1120 petenti
492 1032 687 1120 denegasset,
706 1033 786 1100 ultro
799 1033 1005 1119 polliceretur,
1018 1056 1184 1122 magnam·

159 1128 272 1215 quein
290 1149 379 1214 spem
395 1126 554 1208 veniebat,
579 1149 637 1216 pro
655 1128 721 1194 suis
743 1128 837 1195 tantis
858 1127 1028 1215 populique
1047 1127 1185 1196 Romani

158 1225 192 1291 in
210 1244 283 1288 eum
300 1221 459 1289 beneficiis
482 1222 615 1309 cognitis
637 1222 703 1290 suis
724 1222 890 1309 postulatis
912 1221 993 1301 fore,
1019 1222 1072 1288 uti
1091 1222 1185 1310 perti·

159 1317 251 1385 nacia
268 1316 440 1383 desisteret.
467 1316 534 1384 dies
553 1316 707 1402 colloquio
724 1316 825 1383 dictus
844 1325 892 1382 est
910 1337 949 1382 ex
967 1337 1005 1382 eo
1022 1316 1078 1383 die
1095 1317 1185 1402 quin·

160 1424 222 1478 tus.
264 1411 389 1477 interim
411 1432 505 1496 saepe
531 1410 611 1476 ultro
638 1411 777 1496 citroque
803 1432 875 1476 cum
900 1410 997 1497 legati
1020 1410 1107 1477 inter
1134 1431 1185 1478 eos

160 1507 366 1584 mitterentur,
393 1503 574 1571 Ariovistus
595 1505 778 1592 postulavit,
804 1527 846 1572 ne
867 1526 961 1590 quem
982 1503 1127 1591 peditem
1147 1505 1183 1572 ad

160 1599 349 1685 colloquium
368 1597 487 1666 Caesar
509 1599 691 1666 adduceret:
712 1599 819 1690 ¹vereri
842 1621 890 1679 se,
917 1621 957 1665 ne
979 1620 1037 1686 per
1054 1599 1183 1666 insidias

160 1695 200 1762 ab
219 1716 256 1761 eo
274 1694 560 1760 circumveniretur:
579 1703 708 1779 uterque
727 1717 799 1762 oum
817 1695 956 1780 equitatu
969 1694 1108 1761 veniret:
1127 1695 1184 1762 alis
1206 1739 1207 1747 κ

160 1790 279 1856 ratione
297 1810 412 1856 senon
430 1798 692 1856 esse-venturum.
721 1789 848 1869 Caesar,
866 1790 951 1875 quod
967 1809 1074 1874 neque
1090 1789 1183 1856 eollo·

162 1885 271 1969 quium
286 1884 467 1970 interposita
481 1884 657 1951 causatolli
669 1883 803 1963 volebat,
821 1906 924 1969 neque
942 1882 1077 1950 salutem
1096 1905 1182 1952 suam

163 1976 327 2046 Gallorum
344 1978 494 2062 equitatui
512 1980 705 2046 committere
722 1979 870 2058 audebat,
894 1979 1182 2047 commodissimum

163 2095 234 2139 esse
256 2073 363 2138 statuit
384 2073 529 2141 omnibus
552 2073 640 2158 equis
664 2070 765 2140 Gallis
791 2073 946 2158 equitibus
972 2074 1123 2140 detractis
1149 2094 1180 2140 eo

162 2168 349 2255 legionarios
375 2168 489 2234 milites
517 2169 650 2256 legionis
676 2168 830 2248 decimae,
858 2167 1026 2254 cuiquam
1047 2169 1181 2235 maximo

162 2261 351 2342 confidebat,
373 2263 547 2349 imponere,
573 2272 609 2328 ut
624 2263 816 2349 praesidium
833 2283 929 2346 quam
949 2263 1181 2342 amicissimum,

163 2356 190 2422 si
208 2357 284 2441 quid
301 2380 381 2443 opus
398 2357 483 2424 facto
502 2367 598 2436 esset,
621 2357 760 2425 haberet
804 2357 890 2442 quod
907 2378 979 2424 cum
995 2357 1100 2438 fieret,
1123 2379 1181 2425 non

165 2451 323 2517 inridicule
337 2452 464 2535 quidam
477 2475 517 2517 ex
530 2451 680 2517 militibus
695 2452 835 2518 decimae
848 2452 980 2539 legionis
994 2452 1087 2518 dixit:
1102 2451 1180 2540 plus,

162 2569 257 2632 quam
273 2546 431 2632 pollicitus
451 2556 546 2626 esset,
572 2546 742 2614 Caesarem
764 2548 882 2614 faeere:
904 2547 1080 2636 pollicitum
1103 2549 1183 2615 sein

162 2640 298 2707 cohortis
316 2641 489 2727 praetoriae
506 2640 576 2708 loeo
599 2643 753 2708 decimam
774 2643 931 2730 legionem
947 2641 1131 2709 habiturum
1147 2639 1183 2709 ad

111 2758 144 2808 43
162 2758 278 2822 equum
294 2736 474 2804 rescribere.
508 2737 659 2825 planicies
678 2747 744 2804 erat
760 2760 877 2826 magna
894 2737 974 2803 etin
991 2759 1029 2803 ea
1046 2737 1184 2804 tumulus

162 2842 302 2898 terrenus
326 2831 401 2897 satis
423 2831 561 2917 grandis.
605 2833 657 2898 hie
681 2833 770 2899 locus
797 2853 897 2916 aequo
923 2831 991 2897 fere
1017 2831 1122 2917 spatio
1148 2829 1184 2898 ab

166 2925 276 2992 eastris
294 2923 448 2992 Ariovisti
466 2934 497 2991 et
515 2924 661 2993 Caesaris
680 2926 796 2992 aberat.
841 2948 892 3005 eo,
916 2934 952 2990 ut
974 2933 1040 2991 erat
1057 2925 1184 3004 dietum,

164 3021 205 3087 ad
222 3019 411 3104 colloquium
433 3030 593 3086 venerunt
637 3020 796 3109 legionem
815 3018 948 3099 Caesar,
976 3041 1073 3104 quarn
1095 3020 1183 3105 equis

164 3116 340 3193 devexerat,
359 3114 504 3202 passibus
519 3116 661 3182 ducentis
675 3116 715 3182 ab
731 3137 769 3181 eo
783 3116 902 3180 tumulo
916 3113 1085 3181 constituit
1112 3114 1185 3180 item

164 3211 284 3294 equites
303 3208 455 3276 Ariovisti
475 3210 543 3296 pari
560 3211 721 3278 intervallo
740 3210 952 3276 constiterunt.
996 3207 1184 3287 Ariovistus,

164 3327 204 3371 ex
222 3305 310 3390 equis
322 3314 358 3370 ut
375 3304 624 3388 colloquerentur
641 3315 672 3370 et
688 3313 811 3391 praeter
829 3305 974 3371 sedenos
988 3304 1080 3368 utad
1093 3303 1186 3370 collo·

164 3399 272 3484 quium
290 3400 488 3478 adducerent,
506 3399 684 3485 postulavit
715 3398 771 3464 ubi
788 3420 825 3465 eo
842 3407 971 3464 ventum
989 3406 1046 3476 est,
1067 3395 1187 3465 Caesar

164 3493 253 3560 initio
266 3494 412 3560 orationis
427 3517 485 3559 sua
498 3503 687 3578 senatusque
703 3493 736 3558 in
750 3514 821 3558 eum
835 3491 987 3558 beneficia
999 3513 1187 3558 commemo·

164 3589 254 3667 ravit,
266 3588 353 3674 quod
360 3611 417 3654 rex
425 3589 598 3675 appellatus
608 3597 719 3655 esseta
734 3597 853 3666 senatu,
867 3587 952 3671 quod
960 3587 1089 3665 amicus,
1105 3585 1187 3672 quod

165 3705 295 3748 munera
312 3682 505 3769 amplissima
522 3683 632 3762 missa3
656 3704 750 3767 quam
766 3704 833 3747 rem
850 3691 882 3747 et
898 3681 1006 3767 paucis
1024 3680 1188 3747 hominum

165 3778 336 3866 contigisse
354 3786 385 3842 et
401 3799 459 3864 pro
476 3779 599 3865 magnis
616 3776 729 3844 officiis
748 3797 916 3843 consuesse
930 3775 1024 3842 tribui
1038 3775 1186 3854 docebat3

165 3872 263 3952 illum,
282 3894 354 3938 oum
367 3893 470 3956 neque
487 3873 606 3939 aditum
623 3893 725 3957 neque
740 3893 867 3938 oausam
880 3870 1060 3959 postulandi
1072 3871 1189 3937 iustam

162 3965 307 4045 liaberet,
334 3967 485 4035 beneficio
503 3989 540 4033 ao
557 3967 740 4033 liberalitate
763 3989 821 4033 sua
837 3989 875 4033 ac
899 3975 1025 4032 senatus
1044 3987 1082 4030 ea
1098 3985 1190 4052 prae-

145 4061 215 4125 mia
232 4071 455 4131 consecutum.
502 4061 641 4131 docebat
658 4063 770 4142 etiam,
786 4083 886 4148 quam
897 4068 1022 4125 ueteres
1037 4079 1192 4142 quamq·
