2414 4336
206 211 248 277 90
520 224 572 280 DE
590 223 719 281 BELLO
739 220 912 282 CALLICO

205 347 233 414 si
253 347 443 435 reipubhcae
470 348 633 415 commodo
660 348 763 416 lacere
790 357 914 436 posset,
944 370 1022 415 cum
1045 349 1143 437 legions
1182 355 1205 415 ’ἰ

204 441 282 509 fines
299 442 485 508 Nerviorum
502 443 616 510 veniat.
651 444 946 530 reliquampartem
964 444 1119 524 exercim
1135 479 1144 503 a
1181 479 1195 505 11.

203 537 297 624 paulo
320 536 426 603 aberat
450 536 590 624 longius,
617 560 681 604 non
706 547 797 625 putat
823 538 1084 624 exspectandam
1104 561 1142 624 eq
1185 584 1188 601 ι

153 652 185 699 ιι
204 631 325 697 circiter
345 631 589 718 quadringentos
612 654 652 697 ex
677 632 828 719 proximis
851 631 997 698 hibernis
1019 633 1105 720 cogit
1144 670 1145 689 ι
1184 662 1199 693 .

203 728 324 793 circiter
341 728 431 793 tertia
447 726 488 793 ab
506 727 757 794 antecursoribus
776 728 815 792 de
834 725 948 794 Crassi
966 727 1099 793 adventu
1117 744 1158 809 μ’
1189 768 1192 793 ι

203 822 316 901 factus,
335 844 373 888 eo
391 822 441 887 die
459 822 545 887 milia
561 844 713 909 passuum
729 821 805 888 XX
821 821 1036 909 progreditur.
1078 821 1159 900 :x
1192 855 1205 894 r

204 915 444 984 Samarobrivae
460 917 601 1003 praeficit
617 917 836 1006 legionemque
853 917 884 983 ei
905 917 1063 997 attribuit,
1084 916 1148 1003 quol
1190 950 1205 992 ι

201 1011 424 1097 impedimenta
441 1013 604 1091 exercitus,
623 1012 749 1079 obsides
762 1013 936 1092 civitatum,
954 1012 1075 1079 litteras
1086 1034 1115 1098 pt
1128 1044 1144 1067 o
1188 1023 1190 1036 '

201 1105 453 1190 frumentumque
480 1128 585 1184 omne,
612 1109 698 1191 quod
723 1129 760 1174 eo
787 1107 968 1174 tolerandae
996 1107 1104 1173 hiemis
1129 1139 1147 1163 ν

202 1199 382 1279 devexerat,
406 1199 610 1284 relinquebat.
654 1199 788 1281 Fabius,
806 1210 843 1267 ut
859 1202 1052 1289 imperatum
1068 1211 1134 1281 erat,
1194 1232 1205 1275 :

201 1294 245 1358 ita
261 1294 395 1359 multum
411 1305 550 1360 moratus
567 1295 600 1360 in
617 1295 726 1362 itinere
744 1318 816 1362 cum
833 1295 960 1384 legione
978 1297 1116 1363 occurrit.

200 1388 311 1455 bienus
332 1390 459 1455 interitu
483 1387 595 1456 Sabini
617 1399 649 1456 et
671 1391 766 1457 caede
788 1390 966 1458 cohortium
989 1392 1146 1482 cognita,b
1193 1436 1198 1451 ·

201 1505 309 1550 omnes
327 1485 369 1549 ad
390 1506 463 1549 eum
481 1484 690 1552 Treverorum
708 1487 816 1573 copiae
837 1487 1014 1569 venissent,
1042 1488 1148 1565 veritus,
1187 1537 1193 1546 .

200 1599 240 1642 ex
266 1576 403 1644 hibernis
425 1578 521 1666 fugae
544 1580 677 1646 similem
697 1579 924 1667 profectionem
946 1581 1087 1662 fecisset,
1108 1589 1134 1646 ut

200 1671 296 1735 stium
312 1671 464 1756 impetum
482 1674 635 1739 sustinere
656 1683 777 1760 posset,
804 1676 991 1760 praesertim
1012 1698 1089 1762 quos
1121 1704 1152 1729 ·..

200 1764 329 1830 victoria
346 1766 449 1831 efferri
467 1768 568 1846 sciret,
586 1768 704 1836 litteras
720 1768 850 1836 Caesari
866 1770 1006 1850 remittit,
1023 1780 1127 1856 quanto
1140 1799 1153 1823 r
1199 1815 1202 1828 ι

199 1860 337 1946 periculo
353 1859 510 1947 legionem
523 1884 562 1926 ex
575 1862 713 1930 hibernis
727 1864 895 1930 educturus
909 1874 1003 1944 esset,
1021 1887 1086 1930 rem
1103 1894 1149 1945 :a

198 1955 232 2018 in
248 1953 452 2020 Eburonibus
469 1956 647 2042 perscribit,
673 1959 777 2036 docet,
802 1980 911 2024 omnes
929 1959 1085 2043 equitatus
1107 1985 1157 2015 ,ιιι
1202 1995 1205 2031 :

199 2057 313 2134 tueque
335 2050 440 2136 copias
463 2050 672 2118 Treverorum
697 2052 756 2116 tria
782 2052 868 2117 milia
892 2073 1047 2138 passuum
1067 2052 1142 2138 longe

147 2163 180 2212 48
200 2143 265 2208 suis
284 2145 393 2210 castris
412 2146 601 2211 consedisse.
635 2144 754 2211 Caesar
771 2145 901 2211 consilio
919 2147 988 2212 eius
1005 2145 1131 2233 probato,
1148 2172 1160 2196 r
1191 2183 1205 2222 ι

199 2240 343 2324 opinione
361 2240 453 2305 trium
469 2238 630 2326 legionum
648 2241 787 2306 deiectus
805 2240 943 2306 adduas
956 2241 1096 2319 redierat,
1117 2268 1128 2293 r
1140 2268 1160 2291 ι
1199 2288 1205 2315 ,

197 2357 295 2399 unum
322 2335 495 2400 communis
523 2335 631 2400 salutis
657 2334 809 2400 auxilium
833 2335 867 2399 in
894 2334 1051 2401 celeritate
1074 2345 1169 2421 pona*
1199 2347 1205 2409 ξ

197 2430 282 2494 venit
300 2429 422 2516 magnis
440 2429 602 2495 itineribus
620 2430 654 2494 in
670 2429 857 2495 Nerviorum
874 2429 963 2497 fines.
1005 2430 1050 2498 ibi
1065 2450 1103 2495 ex
1120 2456 1135 2481 a
1147 2457 1149 2476 ·
1192 2440 1205 2481 t

197 2524 246 2588 vis
264 2524 437 2609 cognoscit,
457 2545 538 2607 quae
556 2526 642 2610 apud
659 2523 844 2591 Ciceronem
861 2536 1023 2612 gerantur,
1041 2546 1158 2611 (prauo
1196 2557 1205 2597 ε

196 2618 230 2681 in
246 2616 384 2702 periculo
402 2639 452 2682 res
471 2618 521 2683 sit.
566 2628 632 2683 tum
651 2619 775 2684 cuidam
797 2642 838 2685 ex
859 2621 1016 2705 equitibus
1036 2617 1125 2687 Gallis
1189 2658 1199 2686 t

196 2712 268 2798 gnis
285 2713 432 2797 praemiis
449 2714 631 2798 persuadet,
658 2714 704 2778 uti
723 2715 763 2780 ad
782 2713 966 2782 Ciceronem
985 2714 1136 2801 epistolam
1150 2736 1158 2762 ι

196 2806 285 2870 ferat.
329 2805 412 2872 hanc
431 2803 561 2873 Graecis
580 2809 787 2895 conscriptam
803 2809 914 2874 litteris
933 2809 1043 2888 mittit,
1068 2830 1106 2874 ne
1118 2827 1167 2871 m„
1192 2816 1205 2873 ἰ

196 2908 286 2986 cepta
312 2900 444 2986 epistola
468 2911 576 2966 nostra
601 2903 646 2984 ab
663 2903 806 2969 hostibus
829 2903 960 2969 consilia
981 2904 1177 2990 cognoscanbffi
1196 2908 1205 2972 ἰ

196 2995 223 3060 si
240 2995 326 3059 adire
343 3016 406 3059 non
423 2997 537 3080 possit,
561 3007 680 3076 monet,
702 3008 738 3063 ut
760 2997 914 3084 tragulam
937 3020 1010 3063 cum
1029 2982 1180 3085 epistolari
1200 3008 1202 3015 ’

194 3099 354 3154 amentum
372 3089 508 3176 deligata
524 3091 606 3156 intra
625 3092 813 3158 munitiones
833 3101 1007 3157 castrorum
1024 3092 1139 3158 abiciat
1165 3083 1183 3149 lt

194 3182 304 3251 litteris
327 3184 434 3250 scribit
460 3207 494 3250 se
516 3208 589 3251 cum
611 3185 786 3272 legionibus
809 3186 986 3272 profectum
1008 3178 1186 3252 celeriterat-

194 3278 274 3358 fore3
305 3280 458 3359 hortatur,
490 3291 526 3345 ut
551 3280 713 3367 pristinam
739 3281 886 3346 virtutem
915 3282 1058 3346 retineat.
1106 3275 1188 3346 Gallu*

193 3374 366 3457 periculum
392 3376 524 3455 veritus,
551 3385 586 3439 ut
608 3383 674 3439 erat
694 3385 910 3462 praeceptum,
938 3375 1096 3462 tragulam
1115 3369 1191 3440 mittit

194 3466 272 3532 haec
289 3489 365 3534 casu
383 3471 424 3534 ad
441 3472 549 3535 turrim
567 3469 709 3534 adhaesit
726 3491 828 3554 neque
846 3468 886 3535 ab
903 3470 1020 3535 nostris
1039 3468 1135 3535 biduo
1148 3463 1194 3532 aui

193 3563 359 3627 madversa
375 3564 465 3629 tertio
489 3565 539 3630 die
556 3587 576 3629 a
593 3565 730 3648 quodam
748 3563 846 3629 milite
864 3563 1070 3649 conspicitur,
1094 3564 1196 3648 damph

193 3658 234 3723 ad
253 3656 438 3723 Ciceronem
456 3658 603 3724 defertur.
648 3659 700 3724 ille
721 3658 890 3744 perlectam
911 3658 945 3722 in
963 3668 1123 3724 conventu
1138 3654 1198 3723 nili

193 3761 261 3816 tum
281 3753 391 3818 recitat
412 3753 611 3838 maximaque
635 3775 744 3819 omncs
766 3753 885 3819 laetitia
902 3752 1009 3819 afficit.
1055 3764 1124 3819 tum
1139 3744 1199 3817 sunl

194 3846 407 3914 incendiorum
424 3848 533 3934 procul
554 3849 753 3927 videbantur3
780 3870 861 3933 quae
882 3870 933 3914 res
951 3862 1080 3913 omnem
1097 3845 1201 3913 dubita·

143 3963 175 4011 49
194 3940 309 4005 tionem
331 3943 484 4010 adventus
506 3942 666 4030 legionum
688 3943 815 4030 expulit.
861 3940 947 4010 Galli
966 3965 1001 4009 re
1019 3942 1146 4031 cognita
1160 3956 1202 4026 pet

194 4033 403 4123 exploratores
416 4036 611 4104 obsidionem
624 4039 811 4124 relinquunt,
830 4038 872 4104 ad
886 4035 1059 4104 Caesarem
1071 4034 1203 4105 omnibus
