2414 4336
402 177 521 238 GOMM.
537 178 575 237 V.
594 178 714 234 28-31.
1028 165 1070 232 83

55 305 236 384 stimonio,
260 301 345 389 quod
366 302 503 389 primum
523 302 662 368 hostium
684 303 836 389 impetum
857 303 963 369 multis
985 302 1067 369 ultro

55 398 225 467 fluetibus
247 399 341 464 illatis
367 397 538 463 fortissime
565 397 783 463 sustinuerint:
809 419 844 462 re
865 396 1069 464 frumentaria

55 516 104 563 m
120 496 238 583 premi3
264 495 382 558 interea
399 501 430 558 et
448 514 488 558 ex
508 493 658 578 proximis
680 490 818 557 hibernis
841 500 872 556 et
893 515 913 558 a
932 490 1069 559 Caesare

55 600 237 657 »uvantum
259 587 414 655 subsidia:
440 596 599 674 postremo
622 587 791 672 quidesse
814 585 915 652 levius
933 597 988 652 aut
1005 597 1070 654 tur-
1152 620 1154 624 >

55 705 130 764 ms,
153 706 251 770 quam
267 691 394 748 auctore
410 681 501 748 hoste
519 683 559 747 de
577 682 708 747 summis
726 679 821 746 rebus
839 703 950 769 capere
968 683 1070 749 oonsi-

55 781 140 847 nm?
176 789 284 846 contra
305 800 344 844 ea
360 776 500 845 Titurius
524 798 593 843 sero
616 775 754 842 facturos
778 775 969 856 clamitabat,
997 799 1070 844 cum
1087 798 1120 848 as

55 873 179 943 'naiores
196 873 335 940 hostium
351 894 463 937 manus
481 871 635 938 adiunctis
655 868 823 937 Germanis
841 872 1069 952 convenissent,

55 976 102 1049 at
118 991 190 1035 oum
207 966 325 1052 aliquid
342 965 525 1033 calamitatis
543 967 577 1032 in
593 966 744 1052 proximis
762 964 899 1032 hibernis
918 976 1002 1033 esset
1019 989 1071 1033 ac·

55 1066 180 1153 ‘flptum
216 1061 345 1128 brevem
363 1060 547 1127 consulendi
564 1082 635 1126 esse
652 1061 858 1126 occasionem.
900 1058 1071 1131 Caesarem

55 1152 187 1233 ibitrari
204 1156 380 1243 profectum
392 1157 426 1220 in
437 1155 575 1232 Italiam;
590 1176 693 1239 neque
706 1155 796 1220 aliter
809 1153 964 1221 Carnutes
976 1157 1072 1222 inter-

55 1236 173 1341 ι,Ηῐιιιιᾶὶ
190 1251 333 1338 Tasgetii
350 1250 515 1316 consilium
531 1249 632 1316 fixisse
649 1259 809 1336 capturos,
827 1271 929 1334 neque
946 1249 1072 1316 Eburo-

55 1344 117 1429 βε,
144 1347 173 1412 si
194 1345 247 1411 ille
270 1345 408 1423 adesset,
435 1353 521 1409 tanta
543 1345 773 1431 contemptione
790 1345 889 1410 nostri
907 1344 948 1410 ad
970 1355 1071 1411 castra

55 1449 192 1506 anemos
211 1461 291 1506 csse.
335 1462 398 1505 non
415 1438 539 1504 hostem
556 1447 728 1516 auctorem,
752 1439 808 1503 sed
824 1460 892 1504 rem
914 1449 1070 1525 spectare:

55 1529 177 1609 nbesse
195 1533 357 1612 Rhenum3
383 1554 499 1620 magno
521 1554 592 1598 esse
614 1529 780 1599 Germanis
803 1533 903 1599 dolori
918 1533 1071 1599 Ariovisti

55 1638 176 1694 nortem
195 1637 227 1694 et
244 1629 419 1714 superiores
436 1635 560 1693 nostras
574 1629 720 1693 victorias
725 1653 735 1706 ;
753 1627 861 1693 ardere
876 1625 1013 1694 Galliam
1025 1637 1071 1695 tot

55 1721 240 1788 ontumehis
267 1724 403 1809 acceptis
430 1721 490 1788 sub
515 1721 624 1808 populi
649 1721 785 1788 Romani
809 1723 976 1810 imperium
1000 1721 1071 1788 red·

55 1823 162 1896 ctam,
186 1817 345 1902 superiore
362 1815 462 1903 gloria
478 1817 524 1881 rei
545 1816 687 1882 militaris
706 1817 867 1883 exstincta
911 1827 1069 1903 postremo

55 1911 116 1978 uis
136 1911 198 1976 hoc
221 1909 281 1976 sibi
301 1910 517 1997 persuaderet,
545 1911 613 1976 sine
635 1922 719 1977 certa
739 1933 774 1977 re
794 1911 1013 1999 Ambiorigem
1030 1913 1071 1978 ad

55 1998 199 2072 iusmodi
230 2006 395 2072 consilium
426 2005 646 2071 descendisse?
690 2027 780 2070 suam
818 2007 1004 2072 sententiam
1037 2007 1071 2071 in

55 2104 207 2184 tramquc
229 2108 350 2186 partem
372 2121 443 2166 esse
464 2109 577 2166 tutam:
605 2100 632 2165 si
653 2099 698 2163 nil
726 2109 810 2166 esset
835 2099 957 2179 durius,
984 2100 1070 2166 nullo

55 2192 184 2261 eraculo
210 2196 252 2260 ad
276 2196 452 2281 proximam
477 2194 634 2282 legionem
663 2202 881 2279 perventuros3
913 2195 940 2259 si
967 2191 1071 2260 Gallia

55 2289 147 2354 tanis
164 2310 237 2354 cum
256 2285 424 2356 Germanis
442 2288 643 2367 consentiret,
663 2310 759 2353 unam
776 2308 846 2354 esse
863 2288 897 2353 in
914 2287 1070 2353 celeritate

55 2383 179 2448 ositam
201 2383 344 2448 salutem.
390 2380 503 2449 Cottae
524 2383 652 2467 quidem
674 2390 768 2467 atque
786 2403 907 2462 eorum,
934 2382 989 2466 qui
1006 2381 1071 2445 dis-

55 2479 210 2557 entirent,
233 2477 397 2544 consilium
419 2499 514 2563 quem
530 2476 647 2544 habere
665 2477 802 2543 exitum?
826 2478 860 2542 in
881 2499 945 2563 quo
962 2478 1070 2544 sinon

55 2589 194 2639 *raesens
215 2573 402 2659 perieulum,
430 2582 463 2640 at
485 2581 568 2639 certe
590 2573 762 2660 longinqua
783 2572 947 2639 obsidione
968 2572 1069 2638 fames

55 2679 130 2733 sset
150 2668 408 2754 pertimescenda.
452 2667 567 2734 bacin
592 2677 757 2752 utramque
781 2677 903 2754 partem
929 2667 1120 2754 disputare

55 2759 128 2828 ione
144 2763 267 2842 habita,
287 2785 396 2829 cuma
415 2761 511 2831 Cotta
527 2763 698 2850 primisque
716 2763 876 2829 ordinibus
895 2765 1006 2830 acriter
1021 2785 1070 2829 re·

55 2855 208 2923 sisteretur
230 2857 382 2937 ‘vincite,'
403 2858 518 2943 inquit,
548 2857 590 2922 ‘si
606 2859 651 2923 ita
668 2858 788 2936 vultis,'
812 2855 965 2937 Sabinus,
989 2868 1019 2924 et
1036 2858 1070 2922 id

55 2949 175 3017 clariore
192 2972 280 3031 voce,
297 2962 333 3016 ut
349 2975 465 3039 magna
483 2973 557 3038 pars
571 2950 705 3016 militum
719 2953 893 3018 exaudiret:
913 2959 1029 3037 ‘neque
1041 2953 1069 3017 is

55 3045 137 3124 sum,'
154 3045 264 3130 inquit,
285 3046 354 3130 ‘qui
370 3045 557 3133 gravissime
575 3067 616 3111 ex
632 3045 722 3111 vobis
735 3046 844 3111 mortis
857 3046 995 3132 periculo
1009 3055 1070 3110 ter-

55 3160 126 3204 earr
144 3138 179 3204 hi
196 3139 331 3225 sapient;
350 3140 378 3204 si
394 3141 522 3226 gnavius
541 3138 618 3224 quid
630 3140 786 3218 acciderit,
805 3139 862 3206 abs
876 3149 907 3204 te
918 3139 1070 3205 rationem

55 3244 224 3320 eposoent3
242 3234 310 3319 qui,
330 3235 358 3301 si
374 3257 431 3322 per
447 3244 477 3300 te
495 3235 600 3314 liceat,
618 3235 789 3322 perendino
807 3235 857 3300 die
875 3257 947 3300 cum
964 3235 1070 3320 proxi-

55 3329 104 3395 nis
117 3329 255 3396 hibernis
270 3330 427 3396 coniuncti
440 3352 638 3396 communem
647 3353 719 3396 cum
733 3331 860 3414 reliquis
873 3328 948 3394 belli
960 3351 1069 3395 casum

55 3423 234 3503 tustineant,
261 3446 319 3490 nec
344 3426 451 3490 reiecti
477 3435 509 3491 et
534 3425 665 3512 relegati
691 3425 784 3510 longe
810 3423 850 3489 ab
877 3424 988 3489 ceteris
1015 3433 1070 3490 aut

55 3519 127 3584 'erro
145 3528 200 3583 aut
216 3518 301 3584 fame
317 3519 491 3585 intereant!
534 3518 733 3607 consurgitur
754 3540 795 3583 ex
816 3519 961 3599 consilio;
985 3541 1070 3585 com·
1086 3538 1117 3588 31

55 3613 240 3679 ›rehendunt
258 3623 423 3699 utrumque
441 3625 473 3680 et
489 3623 587 3693 orant,
605 3636 646 3679 ne
664 3636 722 3679 sua
739 3612 933 3680 dissensione
951 3623 982 3679 et
998 3635 1069 3700 per-

55 3708 159 3774 inaoia
174 3730 242 3773 rem
258 3709 292 3773 in
309 3731 467 3774 summum
479 3709 653 3796 periculum
667 3709 836 3774 deducant:
855 3708 979 3774 facilem
997 3729 1068 3774 esse

55 3824 120 3881 em,
139 3823 196 3867 sen
213 3815 369 3883 maneant,
388 3826 445 3870 seu
461 3803 711 3890 proficiscantur,
731 3804 758 3869 si
775 3803 869 3869 modo
886 3825 985 3868 unum
1001 3825 1069 3869 om·

55 3896 254 3981 consentiant
275 3920 313 3964 ae
329 3897 463 3985 probent
468 3923 478 3977 ;
505 3908 613 3964 contra
629 3900 662 3963 in
684 3899 879 3964 dissensione
896 3896 1015 3964 nullam
1032 3920 1067 3965 se

55 3991 178 4058 alutem
193 3993 380 4080 perspicere.
423 4015 475 4060 res
497 3993 708 4080 disputatione
728 3992 770 4060 ad
786 3992 923 4150 medidm
942 4003 1068 4062 noctem

884 4096 897 4125 ι
