2414 4336
419 248 709 307 couu.1n.1-a.
1034 237 1078 306 43

119 374 377 442 Cuminltoliam
384 373 632 460 proficisceretur
641 374 769 454 Caesar,
785 373 931 442 Servium
941 374 1078 444 Galbam
1095 397 1109 448 1

57 494 126 539 cum
138 470 262 557 legione
271 469 456 534 duodecima
469 477 501 534 et
512 478 600 555 parte
614 470 769 554 equitatus
783 469 817 534 in
823 470 999 549 Nantuatis,
1013 471 1078 539 Ve-

57 588 163 655 ragros
188 563 396 648 Sedunosque
417 564 516 643 misit,
538 564 593 649 qui
615 563 655 630 ab
678 563 793 631 finibus
815 564 1024 653 Allobrogum
1046 576 1077 632 et

57 663 124 726 lacu
137 661 303 724 Lemanno
322 666 352 722 et
369 658 496 723 flumine
511 658 666 724 Rhodano
683 659 725 723 ad
742 681 881 725 summas
893 658 995 747 Alpes
1008 682 1078 746 per-

57 756 163 819 inent
191 775 287 818 eausa
303 752 446 817 mittendi
463 752 533 830 fuit,
552 753 637 837 quod
653 751 713 817 iter
728 774 785 838 per
801 751 912 841 Alpes,
931 775 995 838 quo
1011 777 1079 820 ma·

57 870 117 937 gno
135 869 209 912 cum
225 846 363 933 periculo
381 847 567 934 magnisque
585 869 657 913 eum
673 847 818 932 portoriis
832 855 1019 914 mercatores
1031 848 1077 914 ire

57 950 250 1020 consuerant,
268 940 408 1029 patefieri
425 940 559 1007 volebat
603 939 676 1007 huie
692 941 846 1029 permisit,
866 942 894 1008 si
910 964 989 1028 opus
1007 964 1077 1009 esse

57 1039 264 1114 arbitraretur,
282 1036 329 1101 uti
345 1036 379 1100 in
394 1035 444 1101 his
462 1035 539 1102 loeis
556 1035 713 1121 legionem
729 1036 888 1102 hiemandi
905 1058 1001 1103 eausa
1014 1037 1079 1103 ool·

57 1142 180 1198 locaret.
225 1128 329 1197 Galba
351 1130 497 1196 secundis
520 1130 638 1215 aliquot
663 1130 789 1218 proeliis
812 1130 905 1197 factis
927 1131 1079 1198 castellis-

57 1249 115 1312 que
133 1224 346 1313 compluribus
365 1247 473 1290 eorum
491 1224 694 1312 expugnatis,
716 1224 821 1291 missis
839 1225 970 1291 adeum
987 1227 1078 1292 undi-

57 1343 115 1408 que
141 1321 253 1408 legatis
280 1319 504 1404 obsidibusque
531 1319 613 1385 datis
640 1328 672 1384 et
691 1340 770 1405 pace
793 1318 890 1400 sacta,
918 1321 1079 1387 constituit

57 1416 198 1482 cohortes
217 1416 295 1481 duas
313 1415 348 1479 in
364 1413 573 1480 Nantuatibus
597 1413 748 1481 collocare
770 1422 801 1479 et
823 1413 892 1501 ipse
913 1437 985 1480 cum
1006 1415 1078 1481 reli·

57 1510 125 1595 quis
145 1511 211 1575 eius
228 1510 361 1597 legionis
379 1508 559 1575 cohortibus
576 1509 610 1574 in
626 1509 696 1574 vieo
709 1506 932 1596 Veragrorum,
951 1509 1005 1594 qui
1023 1531 1078 1595 ap-

57 1605 188 1691 pellatur
211 1601 408 1683 Octodurus,
433 1604 587 1683 =hiemare3
614 1603 668 1688 qui
689 1602 777 1668 vicus
799 1603 920 1689 positus
942 1603 974 1667 in
996 1603 1078 1669 valle

57 1723 117 1764 ron
139 1723 256 1786 magna
277 1699 398 1765 adiecta
418 1699 551 1785 planicie
579 1697 738 1764 altissimis
760 1697 918 1764 montibus
940 1699 1079 1784 undique

57 1794 237 1858 continetur.
282 1815 354 1858 eum
376 1793 428 1858 hio
449 1794 484 1856 in
505 1793 584 1858 duas
606 1801 711 1880 partes
733 1792 861 1858 flumine
879 1792 1077 1871 divideretur,

57 1889 185 1953 alteram
206 1889 327 1974 partem
349 1887 416 1952 eius
438 1888 500 1952 viei
519 1884 619 1953 Gallis
639 1883 695 1973 [ad
711 1883 927 1974 hiemandum]
951 1908 1078 1953 eonces-

57 1984 108 2060 sit,
142 1981 271 2048 alteram
301 2005 434 2048 vacuam
460 1982 499 2048 ab
525 1982 586 2046 illis
617 1981 757 2046 relictam
787 1981 966 2048 cohortibus
993 1983 1079 2049 attri-

57 2077 131 2142 buit
177 2099 249 2141 eum
265 2077 369 2142 locum
386 2077 469 2142 vallo
490 2077 640 2161 fossaque
662 2076 803 2141 munivit.
849 2097 921 2142 eum
944 2077 1011 2143 dies
1029 2076 1109 2146 hi·a

57 2172 220 2237 bernerum
245 2172 419 2259 complures
442 2171 626 2237 transissent
647 2170 901 2256 frumentumque
928 2193 966 2237 eo
993 2194 1079 2238 oom-

57 2266 170 2352 portari
185 2266 339 2344 iussisset,
359 2266 461 2333 subito
479 2289 535 2353 per
552 2265 761 2352 exploratores
780 2266 892 2331 certior
908 2266 1011 2332 sactus
1030 2275 1079 2332 est

57 2382 92 2424 ex
111 2382 149 2425 ea
166 2371 255 2445 parte
273 2361 347 2438 vici,
375 2383 470 2445 quam
489 2358 590 2427 Gallis
614 2369 825 2438 concesserat,
853 2381 962 2426 omnes
983 2369 1079 2427 noetu

57 2454 238 2519 discessisse
256 2463 453 2539 montesque,
480 2456 535 2539 qui
552 2454 779 2540 impenderent,
807 2477 827 2519 a
844 2455 982 2521 maxima
998 2454 1078 2521 mul-

57 2548 185 2613 titudine
204 2546 404 2614 Sedunorum
422 2560 453 2613 et
470 2549 682 2636 Veragrorum
700 2550 807 2615 teneri.
852 2549 885 2614 id
903 2550 1021 2635 aliquot
1038 2551 1077 2616 de

57 2643 343 2721 causisaeeiderat,
372 2654 406 2708 ut
424 2643 527 2709 subito
547 2641 632 2710 Galli
649 2643 722 2710 belli
744 2645 914 2710 renovandi
931 2645 1078 2733 legionis-

57 2760 113 2821 que
131 2737 353 2823 opprimendae
366 2738 530 2804 eonsilium
544 2748 702 2824 caperent:
720 2739 865 2824 primum,
884 2740 969 2824 quod
980 2739 1078 2827 legio-

57 2854 123 2896 nem
133 2853 236 2917 neque
245 2854 315 2897 eam
327 2833 542 2919 plenissimam
556 2833 701 2898 dehaetis
716 2832 895 2898 cohortibus
910 2834 1032 2899 duabus
1047 2843 1078 2899 et

57 2925 265 3012 compluribus
275 2927 464 3014 singillatim,
479 2928 533 3011 qui
542 2936 733 2994 commeatus
742 2929 868 3013 petendi
882 2950 976 2994 eausa
989 2928 1078 2994 missi

57 3029 154 3099 erant,
180 3017 392 3108 [absentibus]
411 3031 538 3107 propter
554 3021 743 3107 paucitatem
760 3021 987 3108 despiciebant;
1010 3030 1077 3085 tum

57 3115 156 3192 etiam,
175 3115 260 3199 quod
272 3125 398 3202 propter
410 3115 605 3200 iniquitatem
617 3115 688 3194 loei,
707 3138 779 3181 cum
791 3117 853 3201 ipsi
867 3136 906 3180 ex
919 3114 1077 3180 montibus

57 3207 82 3273 'm
95 3208 213 3274 vallem
227 3210 424 3275 decurrerent
439 3220 469 3275 et
482 3210 544 3275 tela
554 3210 738 3288 eminerent,
752 3232 792 3274 ne
806 3209 942 3294 primum
950 3208 1078 3292 quidem

57 3326 147 3390 posse
169 3304 320 3391 impetum
343 3327 435 3370 suum
457 3305 603 3371 sustineri
625 3303 854 3372 existimabant.
899 3302 1076 3381 accedebat,

57 3399 138 3484 quod
157 3421 232 3465 suos
250 3398 290 3465 ab
309 3421 343 3464 se
360 3399 474 3465 liberos
492 3399 665 3466 abstractos
684 3399 829 3465 obsidum
851 3398 975 3464 nomine
994 3397 1079 3464 dole·

57 3506 127 3559 oant
152 3501 184 3558 et
204 3493 365 3559 Romanos
391 3515 456 3558 non
477 3494 579 3560 solum
601 3495 746 3560 itinerum
769 3514 878 3571 eausa,
906 3492 1078 3558 sedetiam

57 3598 222 3675 perpetuae
243 3587 453 3674 possessionis
481 3589 615 3654 eulmina
636 3588 768 3674 Alpium
794 3609 947 3674 occupare
974 3587 1079 3654 conari

57 3693 81 3749 at
99 3705 139 3749 ea
157 3683 227 3748 loea
249 3683 397 3748 finitimae
419 3683 597 3768 provinciae
620 3684 788 3770 adiungere
812 3682 873 3749 sibi
893 3705 1078 3769 persuasum

57 3776 221 3845 rubebant.
266 3776 315 3843 his
337 3777 454 3842 nuntiis
477 3777 612 3864 acceptis
637 3775 754 3856 Galba,
782 3799 854 3842 eum
876 3798 976 3861 neque
999 3798 1111 3863 opuss

57 3873 254 3940 nibernorum
272 3872 524 3957 munitionesque
541 3873 633 3958 plene
656 3882 761 3938 essent
778 3871 949 3959 perfectae,
976 3893 1078 3956 neque

57 3968 90 4032 ie
113 3965 272 4033 frumento
295 3967 475 4052 reliquoque
498 3979 676 4035 commeatu
697 3968 774 4036 satis
800 3977 888 4032 esset
907 3968 1091 4052 prouisum,

57 4061 134 4143 qnod
151 4061 308 4133 deditione
325 4062 413 4130 sacta
431 4061 668 4156 obsidibusque
691 4063 839 4154 accepire
857 4059 947 4130 rihih
965 4054 1117 4124 neuun
