2414 4336
143 274 185 340 74
457 287 510 342 DE
527 285 654 343 BELLO
674 286 843 344 GALLICO

141 411 236 478 nihilo
254 400 359 477 tamen
376 413 479 478 secius
498 412 603 478 omnia
620 412 687 478 eius
706 411 836 479 consilia
857 418 1067 498 cognosceret:

140 508 212 573 dem
229 508 373 573 idoneam
390 517 500 572 nactus
519 516 736 594 tempestatem
754 506 868 573 milites
893 507 1067 591 equitesque

140 602 288 669 scendere
313 602 347 667 in
372 624 470 667 naves
495 602 592 667 iubet.
641 611 674 667 at
703 602 843 667 omnium
868 600 1030 688 impeditis
1052 623 1067 664 a

139 696 317 763 Dumnorix
339 718 411 762 cum
433 696 590 781 equitibus
611 697 819 762 Haeduorum
840 719 860 762 a
883 695 998 761 castris
1017 695 1067 761 ins(

141 790 277 859 Caesare
295 791 422 856 domum
441 791 599 856 discedere
618 792 729 878 coepit
755 812 819 875 qua
834 811 870 856 re
888 787 1067 855 nuntiataC

139 885 316 952 intermissa
341 885 533 972 profectione
559 894 652 970 atque
684 885 829 951 omnibus
859 883 960 950 rebus
987 892 1067 970 postp

139 1003 286 1068 magnam
302 989 423 1066 partem
442 981 596 1064 equitatus
615 980 656 1046 ad
674 1002 745 1045 eum
763 979 998 1064 insequendum
1013 979 1067 1043 mitt

139 1074 280 1159 trahique
289 1072 434 1160 imperat;
454 1074 481 1139 si
493 1073 773 1159 vimfaciatneque
785 1082 906 1160 pareat,
924 1071 1067 1138 interficil

138 1168 217 1234 nihil
237 1168 322 1233 hunc
345 1191 379 1234 se
401 1167 531 1234 absente
552 1191 609 1253 pro
632 1191 710 1234 sano
727 1168 886 1234 facturum
908 1167 1067 1234 arbitratus

138 1264 312 1351 praesentis
330 1263 495 1350 imperium
512 1264 715 1351 neglexisset.
759 1264 811 1329 ille
830 1263 915 1329 enim
936 1272 1067 1330 revocat

25 1368 28 1373 ’
139 1359 248 1425 sistere
266 1380 303 1424 ac
321 1381 355 1424 se
373 1382 469 1424 manu
486 1357 654 1424 defendere
677 1380 868 1443 suorumque
886 1358 986 1424 fidem
1002 1356 1067 1444 impl

139 1453 254 1540 coepit,
279 1475 374 1539 saepe
399 1452 562 1518 clamitans
583 1452 718 1518 liberum
741 1475 774 1517 se
795 1451 979 1537 liberaeque
1001 1472 1066 1518 esse

138 1547 220 1613 tatis.
263 1547 318 1624 illi,
336 1556 372 1611 ut
389 1555 456 1611 erat
472 1546 673 1631 imperatum,
692 1546 927 1612 circumsistunt
945 1546 1066 1612 homine

138 1663 199 1726 que
220 1641 421 1720 interficiunt3
448 1650 481 1706 at
502 1642 622 1726 equites
645 1642 773 1707 Haedui
795 1641 836 1706 ad
858 1636 1033 1708 Caesarem
1056 1663 1067 1706 e

104 1753 120 1802 8
138 1743 343 1800 revertuntur.
387 1734 436 1800 his
453 1735 548 1800 rebus
566 1737 664 1823 gestis
682 1735 828 1802 Labieno
845 1736 879 1800 in
897 1737 1067 1802 continente

138 1828 237 1895 tribus
250 1828 426 1916 legionibus
440 1839 471 1895 et
488 1831 626 1914 equitum
639 1830 765 1897 milibus
779 1829 903 1896 duobus
915 1830 1034 1909 relicto,
1047 1852 1067 1894 u

138 1934 189 1990 tus
211 1933 349 1990 tueretur
371 1933 403 1990 et
422 1947 489 1990 rem
511 1924 748 1991 frumentariam
770 1925 953 2012 provideret
974 1945 1067 2010 quaeq

140 2015 244 2084 Gallia
264 2027 446 2108 gererentur
468 2028 672 2106 cognosceret
693 2019 921 2103 consiliumque
944 2040 1003 2106 pro
1024 2029 1067 2083 ten

139 2124 170 2180 et
186 2137 243 2202 pro
260 2138 295 2182 re
312 2123 445 2202 caperet,
464 2114 532 2201 ipse
550 2137 622 2180 cum
640 2114 778 2200 quinque
790 2112 970 2201 legionibus
984 2122 1015 2179 et
1026 2135 1067 2199 pa

138 2232 223 2276 mero
242 2210 394 2295 equitum,
414 2232 508 2295 quem
524 2210 558 2274 in
576 2209 745 2274 continenti
761 2208 943 2292 reliquerat,
962 2209 1004 2273 ad
1020 2205 1067 2273 soli

138 2327 247 2370 casum
263 2327 361 2371 naves
380 2305 473 2370 solvit
490 2314 521 2370 et
537 2303 601 2369 leni
614 2302 725 2370 Africo
739 2311 907 2390 provectus
925 2302 1067 2368 mediaei

137 2408 229 2464 nocte
246 2407 340 2465 vento
361 2399 539 2465 intermisso
563 2421 689 2466 cursum
711 2421 775 2464 non
792 2396 892 2463 tenuit
913 2406 946 2463 et
966 2397 1067 2485 longiu

137 2492 220 2558 latus
239 2503 327 2558 aestu
345 2503 413 2558 orta
429 2491 500 2558 luce
514 2493 573 2560 sub
588 2493 714 2560 sinistra
726 2491 923 2558 Britanniam
937 2492 1067 2558 relictam

140 2587 250 2673 spexit.
295 2596 362 2652 tum
379 2611 488 2652 rursus
506 2597 612 2654 aestus
631 2586 905 2654 commutationem
924 2596 1067 2652 secutus]

139 2681 310 2759 contendit,
338 2690 373 2746 ut
391 2692 598 2769 campartem
619 2682 741 2748 insulae
759 2691 897 2768 caperet,
926 2703 990 2766 qua
1011 2679 1067 2766 opti

139 2796 209 2840 esse
231 2796 393 2860 egressum
415 2777 573 2862 superiore
600 2786 718 2843 aestate
745 2784 943 2864 cognoverat.
988 2796 1049 2859 qua

139 2870 308 2934 admodum
325 2869 385 2934 fuit
401 2871 533 2935 militum
551 2871 650 2936 virtus
667 2870 837 2948 laudanda,
857 2869 911 2954 qui
928 2868 1067 2934 vectoriis

138 2964 293 3048 vibusque
310 2964 444 3051 navigiis
463 2988 526 3030 non
542 2965 721 3032 intermisso
739 2963 913 3052 remigandi
930 2961 1067 3029 laboral

138 3082 208 3124 rum
225 3059 352 3125 navium
371 3081 497 3125 cursum
515 3061 737 3145 adaequarunt
782 3081 947 3125 accessum
969 3056 1067 3124 estad

138 3153 277 3220 tanniam
294 3153 439 3219 omnibus
457 3153 591 3219 navibus
609 3154 780 3220 meridiano
798 3151 864 3217 fere
883 3161 1037 3238 tempore,
1057 3172 1067 3213 r

138 3250 170 3312 in
189 3271 225 3314 eo
243 3248 312 3314 loco
330 3248 429 3314 hostis
448 3257 496 3314 est
512 3249 615 3328 visus3
639 3250 709 3327 sed,
732 3257 767 3312 ut
784 3255 895 3333 postea
913 3245 1033 3312 Caesar
1052 3265 1067 3309 e

137 3342 231 3426 ptivis
249 3344 408 3428 comperit,
427 3365 499 3408 curn
512 3365 646 3430 magnae
659 3365 771 3408 manus
785 3364 822 3407 eo
836 3340 1060 3416 convenissent,

139 3435 268 3500 titudine
276 3437 404 3502 navium
412 3437 603 3524 perterritae,
622 3459 703 3522 quae
713 3459 785 3502 cum
795 3434 951 3501 annotinis
961 3430 1067 3520 privati

138 3550 217 3614 quas
228 3530 276 3594 sui
285 3531 416 3615 quisque
426 3531 582 3597 commodi
594 3531 720 3609 fecerat,
740 3529 874 3616 amplius
889 3528 1067 3615 octingenta

138 3632 226 3689 erant
237 3623 325 3689 visae
339 3633 486 3711 tempore,
506 3649 526 3690 a
537 3624 627 3691 litore
641 3625 849 3691 discesserant
861 3645 900 3688 ac
913 3644 948 3688 se
957 3622 991 3687 in
1004 3639 1067 3707 supr

104 3740 118 3789 a
136 3718 207 3786 loca
224 3718 416 3785 abdiderant
461 3719 581 3786 Caesar
597 3721 739 3806 exposito
762 3717 900 3784 exercitu
917 3726 949 3782 et
965 3715 1067 3782 lococ

135 3813 250 3880 idoneo
264 3824 364 3900 capto,
382 3812 438 3878 ubi
451 3836 491 3879 ex
504 3814 634 3901 captivis
649 3813 806 3901 cognovit,
825 3832 888 3896 quo
897 3810 932 3876 in
943 3811 1013 3877 loco
1025 3809 1067 3874 hot

136 3909 246 3995 copiae
264 3908 492 3987 consedissent,
511 3907 690 3975 cohortibus
709 3908 818 3972 decem
837 3905 878 3970 ad
895 3927 982 3971 mare
998 3903 1067 3970 relic

123 4005 288 4088 equitibus
307 4004 469 4087 trecentis,
490 4005 548 4091 qui
563 4004 724 4093 praesidio
738 4001 877 4067 naribus
893 4010 1010 4077 essent,
1021 4000 1067 4062 de*

110 4098 227 4188 vigilia
246 4102 290 4170 ad
308 4103 429 4172 hostes
448 4101 621 4172 contendit
633 4123 674 4167 eo
686 4098 797 4165 rrimus
807 4091 932 4158 uentus
942 4089 1067 4153 mann
