2414 4336
432 207 784 268 consumet-as.
1051 191 1114 264 165

97 335 201 405 ussit
246 357 319 415 cum
344 333 498 419 utrimque
522 333 620 423 gladii
645 333 783 402 destricti
808 342 926 414 essent,
956 354 1021 401 non
1049 342 1115 402 tam

100 429 256 518 pugnandi
281 451 377 515 quam
403 429 588 516 diffugiendi
616 429 677 495 fuit
706 438 906 513 utrorumque
936 427 1113 496 consilium:

101 535 285 603 umbonum,
312 523 397 608 quod
417 522 577 591 mortifero
598 522 727 591 vulnere
748 521 927 591 Commium
949 521 1115 590 credebaut

103 617 257 698 ,affectum
285 613 460 697 Gallorum,
486 618 572 702 quod
592 617 713 684 insidiis
735 619 869 705 cognitis
890 617 993 705 plura,
1020 640 1116 703 quam

95 711 256 793 ridebant,
283 712 535 781 extimescebam.
583 735 646 798 quo
672 713 756 780 facto
782 714 928 781 statuisse
952 713 1114 781 Commius

101 803 257 875 dicebatur
281 829 453 893 numquam
477 809 512 873 in
542 817 744 896 conspectum
768 807 954 894 crriusquam
979 807 1115 875 Romani

88 902 210 970 ¹uenire.

75 1040 84 1073 t
152 995 411 1067 Bellicosissimis
428 996 575 1086 gentibus
593 998 724 1064 devictis
743 997 875 1077 Caesar,
902 1019 974 1066 oum
995 997 1115 1064 videret
1132 1015 1164 1066 24

75 1092 213 1169 ,unllam
229 1092 293 1157 iam
311 1113 381 1158 esse
398 1091 568 1171 civitatem,
587 1114 668 1178 quae
685 1090 802 1158 bellum
819 1102 956 1179 pararet,
974 1114 1036 1178 quo
1055 1090 1115 1158 sibi

84 1186 266 1266 resisteret,
293 1187 351 1253 sed
366 1185 532 1253 nonnullos
551 1209 591 1253 ex
613 1186 737 1273 oppidis
758 1186 945 1274 demigrare,
972 1209 1012 1253 ex
1029 1186 1113 1274 agris

87 1283 248 1370 diffugere
261 1282 303 1348 ad
313 1304 463 1369 praesens
471 1283 637 1369 imperium
646 1281 834 1360 evitandum,
848 1281 953 1368 plures
965 1281 999 1348 in
1010 1290 1115 1368 partes

75 1378 266 1444 exercitum
283 1376 437 1444 dimittere
454 1377 623 1444 coustituit
666 1375 713 1442 M.
728 1374 902 1443 Antonium
919 1385 1116 1460 quaestorem

75 1530 78 1535 .
92 1494 166 1538 cum
177 1471 302 1558 legione
315 1470 499 1538 duodecima
513 1471 573 1538 sibi
586 1471 755 1559 coniungit.
783 1469 822 1538 Ο.
831 1470 966 1537 Fabium
977 1471 1116 1558 legatum

85 1587 167 1645 ¹cum
184 1565 363 1633 cohortibus
376 1564 483 1633 XXV
495 1565 588 1631 mittit
600 1566 635 1632 in
647 1565 891 1633 diversissimam
904 1573 1025 1651 partem
1039 1562 1116 1632 Gal-

87 1656 167 1739 bae,
195 1660 280 1745 quod
300 1659 345 1725 ibi
365 1660 518 1744 quasdam
540 1660 681 1727 civitates
703 1659 736 1725 in
757 1659 852 1727 armis
874 1682 944 1726 esse
969 1659 1116 1727 audiebat

91 1776 196 1840 ,neque
214 1751 252 1821 Ο.
272 1752 440 1822 Caninium
457 1754 605 1822 Rebilum
625 1754 778 1842 legatum,
805 1755 861 1840 qui
881 1755 914 1822 iu
936 1754 997 1822 illis
1014 1755 1116 1843 regio-

100 1846 187 1915 nibus
205 1857 284 1928 erat,
305 1850 380 1916 satis
398 1849 504 1916 firmas
522 1851 601 1916 duas
618 1848 757 1937 legiones
774 1849 889 1917 habere
907 1849 1114 1917 existimabat.

102 1939 203 2013 Titum
216 1941 394 2009 Labienum
411 1943 453 2009 ad
467 1964 500 2009 se
514 1954 637 2022 evocat;
654 1943 810 2031 legionem
822 1953 927 2011 autem
939 1941 1017 2022 XV,
1035 1966 1115 2029 quae

103 2054 166 2101 cum
184 2058 222 2102 eo
239 2035 342 2102 fuerat
358 2036 391 2103 iu
412 2036 564 2116 hibernis,
590 2038 624 2102 in
645 2047 784 2124 togatam
803 2035 939 2103 Galliam
960 2037 1054 2102 mittit
1075 2037 1116 2102 ad

102 2130 232 2196 colonias
250 2131 366 2196 civium
383 2130 596 2199 Romanorum
614 2132 760 2210 tuendas,
783 2153 822 2197 ne
845 2131 930 2216 quod
951 2129 1052 2197 simile
1068 2130 1115 2196 in-

102 2225 294 2291 commodum
311 2226 463 2293 accideret
476 2226 659 2294 decursione
672 2224 884 2303 barbarorum,
903 2246 940 2291 ac
958 2225 1116 2310 superiore

97 2330 212 2388 aestate
230 2319 423 2408 Tergestinis
446 2321 614 2401 acciderat,
637 2321 691 2407 qui
713 2321 874 2408 repentino
892 2318 1053 2385 latrocinio
1070 2329 1117 2386 at-

96 2435 155 2500 que
182 2415 302 2500 impetu
324 2414 447 2482 illorum
474 2426 560 2483 erant
587 2415 738 2502 oppressi.
787 2414 855 2499 ipse
881 2413 922 2479 ad
947 2413 1115 2480 vastandos

92 2507 391 2596 depopulandosque
404 2507 482 2575 fines
496 2508 690 2596 Ambiorigis
703 2506 909 2595 proficiscitur
913 2532 922 2587 ;
940 2528 1035 2592 quem
1047 2530 1117 2595 per-

92 2602 236 2671 territum
253 2624 290 2669 ac
307 2602 480 2690 fugientem
497 2624 569 2668 cum
586 2603 687 2691 redigi
703 2624 797 2689 posse
819 2602 853 2667 in
871 2624 960 2668 suam
978 2610 1116 2687 potesta-

93 2709 159 2765 tem
177 2696 389 2783 desperasset,
410 2696 589 2785 proximum
607 2719 683 2763 suae
700 2695 860 2784 dignitatis
884 2718 954 2763 esse
972 2695 1116 2776 ducebat,

91 2793 174 2860 adeo
192 2790 270 2856 fines
289 2791 356 2858 eius
374 2801 497 2860 vasone
514 2791 650 2870 civibus,
667 2791 834 2870 aedificiis,
852 2813 975 2879 pecore,
993 2800 1028 2857 ut
1045 2791 1117 2858 odio

93 2909 225 2955 suorum
242 2884 424 2966 Ambiorix,
447 2887 476 2954 si
493 2908 572 2972 quos
589 2885 715 2953 fortuna
730 2886 867 2973 reliquos
885 2886 1026 2967 fecisset,
1048 2888 1118 2954 nul-

90 2982 160 3049 lum
177 2979 312 3045 reditum
329 2989 455 3068 propter
476 2989 578 3047 tantas
601 2979 793 3049 calamitates
814 2979 943 3049 haberet
960 2982 993 3046 in
1009 2981 1118 3049 civita-

91 3088 169 3144 tem.
196 3095 268 3140 cum
285 3072 319 3139 in
336 3096 444 3142 omnes
461 3083 565 3162 partes
582 3074 691 3142 finium
703 3074 898 3162 Ambiorigis
912 3082 966 3139 aut
977 3072 1116 3161 legiones
1135 3094 1150 3142 2

90 3180 150 3239 aut
168 3167 284 3234 auxilia
302 3167 472 3236 dimisisset
489 3177 583 3254 atque
596 3169 701 3236 omnia
713 3166 872 3247 caedibus,
889 3166 1051 3246 incendiis,
1068 3191 1119 3234 ra

90 3264 177 3354 pinis
203 3271 371 3343 vastasset,
396 3285 512 3351 magno
534 3286 663 3330 numero
689 3261 851 3328 hominum
876 3258 1038 3327 interfecto
1064 3271 1118 3328 aut

92 3367 187 3445 capto
195 3356 374 3423 Labienum
387 3379 460 3423 cum
473 3357 596 3425 duabus
608 3355 785 3445 legionibus
798 3356 832 3422 in
841 3354 995 3421 Treveros
1009 3354 1103 3420 mittit
1106 3381 1116 3436 ;

95 3473 231 3538 quorum
255 3452 365 3518 cirins
387 3459 515 3539 propter
532 3449 720 3519 Germaniae
742 3449 933 3516 vicinitatem
955 3449 1117 3516 cotidianis

94 3546 264 3613 exercitata
280 3545 371 3613 bellis
389 3544 475 3613 cultu
493 3555 525 3612 et
541 3545 664 3612 feritate
681 3567 746 3612 uon
762 3544 896 3610 multum
912 3566 932 3609 a
950 3541 1116 3612 Germanis

94 3639 258 3707 differebat
283 3662 385 3726 neque
406 3640 558 3728 imperata
584 3661 734 3724 umquem
759 3639 821 3705 nisi
847 3637 985 3705 exercitu
1010 3648 1118 3705 coacta

94 3733 239 3801 faciebat
283 3733 407 3801 iuterim
425 3731 525 3802 Gaius
544 3731 696 3802 Caninius
714 3732 851 3821 legatus,
873 3753 946 3798 cum
967 3754 1115 3820 magnam
1134 3751 1167 3802 26

95 3826 325 3895 multitudinem
343 3829 526 3898 convenisse
538 3827 676 3896 hostium
688 3829 722 3895 in
734 3827 813 3895 fines
825 3826 994 3894 Pictonum
1006 3825 1116 3895 litteris

94 3923 273 4010 nuntiisque
295 3923 410 3991 Durati
431 3932 646 4012 cognosceret,
673 3923 727 4009 qui
753 3931 904 4010 perpetuo
925 3921 958 3986 in
981 3922 1117 3989 amicitie

92 4029 251 4084 manserat
271 4018 503 4102 Romanorum,
530 4040 604 4089 oum
622 4040 698 4111 pars
717 4017 879 4108 quaedam
894 4016 1032 4085 ciuitatis
1050 4016 1123 4087 etna
1197 4036 1200 4041 ·
