2528 4336
191 242 254 309 174
513 256 564 311 DE
582 251 706 310 BELLO
726 251 893 310 GALLIOO

190 371 293 456 itaque
319 369 478 456 dispositis
500 370 621 436 insidiis
648 370 773 457 saepius
800 369 919 453 equites
946 369 1013 434 eius
1039 386 1206 457 aggressus
1253 399 1258 440 t

191 457 327 523 secunda
352 456 470 542 proelia
494 455 638 522 faciebat.
683 455 865 533 novissime,
897 476 969 520 cum
994 454 1206 521 vehementius
1254 485 1258 522 t

190 543 438 622 contenderetur‚
465 564 502 608 ac
519 540 699 608 Volusenus
717 541 816 628 ipsius
838 540 1054 627 intercipiendi
1073 539 1209 607 Commii
1255 572 1258 607 t

190 628 358 714 cupiditate
376 628 563 714 pertinacius
582 651 654 693 eum
667 649 739 692 cum
752 627 861 713 paucis
874 627 1032 692 insecutus
1047 636 1142 706 esset,
1160 626 1209 691 illc
1255 659 1258 715 p

190 723 295 780 autem
320 713 398 800 fuga
423 713 599 778 vehementi
624 711 820 778 Volusenum
845 710 1045 799 produxisset
1073 712 1209 800 longius,
1254 739 1258 800 p

189 798 333 864 inimicus
351 797 468 864 homini
486 821 614 863 suorum
630 798 756 863 invocat
773 797 866 863 fidem
880 806 973 882 atque
991 798 1154 878 auxilium,
1171 819 1209 862 ne
1254 823 1258 865 τ

190 907 249 951 sua
265 884 395 949 vulnera
410 905 466 969 per
482 883 576 948 fidem
594 884 741 984 imposita
756 892 936 970 paterentur
952 884 1119 985 impunita,
1138 905 1211 950 eon·
1255 901 1258 940 t

189 991 342 1055 versoque
365 991 444 1053 equo
467 991 501 1034 se
523 992 543 1034 a
564 977 674 1034 ceteris
696 969 850 1035 incautius
870 969 1020 1056 permittrt
1037 970 1070 1035 in
1090 970 1212 1056 praefe-
1255 999 1258 1034 t

190 1065 284 1122 ctum.
328 1054 447 1121 faciunt
472 1054 533 1120 hoc
556 1055 641 1120 idem
668 1076 775 1121 omnes
799 1055 866 1120 eius
888 1055 1008 1139 equites
1030 1076 1211 1140 paucosque
1254 1060 1258 1123 i

189 1151 312 1208 nostros
326 1150 509 1206 convertunt
522 1149 614 1225 atque
627 1141 841 1224 insequuntur.
869 1138 1031 1206 Commius
1049 1141 1211 1207 incensum
1255 1168 1258 1208 ι

191 1226 363 1294 calcaribus
386 1248 501 1311 equum
518 1227 679 1314 coniungit
701 1247 781 1310 equo
800 1224 952 1309 Quadrati
973 1225 1146 1311 lanceaque
1166 1227 1212 1291 in·
1255 1256 1258 1293 r

189 1312 272 1379 festa
285 1312 407 1399 magnis
420 1311 539 1378 viribus
553 1312 691 1378 medium
703 1312 806 1378 femur
818 1313 919 1378 traicit
931 1310 1094 1378 Voluseni.
1124 1334 1212 1399 prae-
1256 1338 1258 1400 j

190 1398 274 1464 fecto
291 1398 452 1463 vulnerato
470 1418 535 1463 non
552 1397 696 1464 dubitant
716 1398 815 1464 nostri
836 1398 980 1464 resistere
998 1408 1029 1464 et
1051 1399 1210 1464 conversis

192 1484 279 1570 equis
297 1481 420 1549 hostem
433 1483 557 1568 pellere.
584 1484 669 1568 quod
680 1483 736 1549 ubi
749 1483 870 1562 accidit,
889 1482 1063 1568 complures
1076 1482 1212 1551 hostium

190 1591 307 1635 macno
328 1578 504 1634 nostrorum
526 1569 646 1654 impetu
666 1568 802 1656 perculsi
823 1568 1025 1634 vulnerantur
1046 1591 1084 1635 ac
1101 1569 1213 1656 partim

189 1656 224 1720 in
241 1622 319 1742 lisga
340 1663 552 1741 proteruntur,
579 1656 692 1741 partim
712 1653 962 1741 intercipiuntur3
989 1655 1074 1739 quod
1096 1655 1214 1720 melum

191 1739 257 1806 dux
269 1740 341 1824 equi
354 1739 516 1804 velocitate
530 1740 671 1805 evitavit:
690 1761 727 1805 ac
740 1741 786 1805 sic
798 1739 914 1839 proelio
930 1741 1067 1805 secundo
1077 1740 1213 1828 graviter
1256 1817 1258 1821 ι

191 1825 231 1891 ab
250 1847 288 1891 eo
310 1823 490 1889 vulneratus
512 1824 703 1912 praefectus,
731 1835 766 1890 ut
782 1835 864 1890 vitae
882 1824 1054 1911 periculum
1072 1825 1213 1890 aditurus

191 1911 356 1988 videretur,
374 1909 507 1975 refertur
523 1910 556 1975 in
573 1919 683 1976 castra.
712 1908 875 1976 Commius
889 1918 995 1976 autem
1008 1911 1074 1976 sive
1089 1912 1213 1997 expiate

192 2019 250 2063 suo
272 1995 377 2062 dolore
399 1995 466 2060 eive
487 2017 604 2081 magna
624 2005 712 2081 perte
733 1996 850 2062 amissa
873 2017 1001 2061 suorum
1025 1995 1149 2083 legatos
1175 1995 1215 2062 ad
1256 2022 1258 2029 ¹

191 2083 365 2149 Antonium
382 2081 477 2146 mittit
495 2103 591 2165 seque
608 2091 639 2146 et
656 2080 700 2146 ibi
716 2081 871 2158 futurum,
893 2080 949 2146 ubi
968 2081 1213 2168 praescripserit,

192 2177 224 2234 et
241 2191 279 2234 ea
295 2168 465 2246 facturum,
493 2188 574 2252 quae
591 2166 761 2254 imperarit,
788 2165 950 2232 obsidibus
972 2167 1089 2246 firmat3
1117 2190 1215 2233 unum

191 2254 270 2319 illud
295 2263 375 2332 orat,
402 2263 437 2319 ut
458 2253 561 2319 timori
587 2275 645 2318 suo
670 2251 870 2330 concedatur,
897 2274 937 2316 ne
958 2251 991 2316 in
1012 2263 1215 2338 conspectum

192 2339 296 2404 veniat
314 2339 499 2423 cuiusquam
516 2339 660 2404 Romani.
696 2338 784 2403 cuius
801 2337 1042 2423 postulationem
1054 2335 1216 2404 Antonius.

192 2446 265 2490 cum
281 2423 432 2488 iudicaret
449 2422 489 2489 ab
507 2423 590 2489 iusto
607 2423 694 2489 nasci
711 2423 832 2501 timore,
850 2424 975 2488 veniam
986 2424 1105 2510 petenti
1118 2424 1214 2502 dedit,

191 2509 317 2576 obsides
335 2509 464 2595 accepit.
1216 2558 1218 2563 -

258 2591 333 2660 Scio
362 2591 531 2659 Caesarem
558 2593 752 2680 singulorum
783 2617 936 2661 annorum
962 2595 1104 2696 singulos
1131 2618 1215 2662 com-

191 2679 359 2747 mentarioe
379 2678 567 2758 confecisse3
589 2678 675 2763 quod
693 2701 752 2766 ego
770 2703 834 2746 non
855 2681 1032 2746 existimavr
1049 2680 1128 2746 mihi
1144 2702 1216 2747 esse

192 2765 383 2841 faciendum,
410 2773 575 2851 propterea
599 2765 685 2849 quod
705 2765 874 2850 insequens
896 2788 1011 2845 annus,
1037 2766 1080 2831 L.
1103 2765 1213 2844 Paulo,

194 2849 232 2916 Ο.
250 2849 402 2914 Marcello
420 2848 614 2928 consulibus,
642 2849 744 2915 nullas
766 2848 861 2916 habet
882 2872 1072 2938 magnopere
1091 2848 1214 2917 Galliae

192 2957 242 3002 res
260 2942 376 3022 gestas.
403 2955 443 2999 ne
461 2934 531 3019 quis
548 2944 653 3001 tamen
669 2934 834 3021 ignoraret,
854 2936 967 3021 quibus
985 2937 1018 3000 in
1034 2935 1114 3001 locis
1134 2935 1214 3003 Cae-

193 3044 245 3090 sar
257 3021 474 3105 exercitusque
487 3041 525 3084 eo
538 3029 676 3107 tempore
689 3021 832 3099 fuissent,
850 3040 953 3108 pauca
964 3043 1035 3087 esse
1050 3021 1214 3088 scribenda

193 3106 470 3195 coniungendaque
487 3105 560 3171 huic
578 3107 799 3173 commentario
816 3107 920 3173 statui.

141 3215 174 3265 te
258 3191 377 3258 Caesar
388 3191 543 3278 inBelgio
557 3213 629 3256 cum
641 3192 801 3270 hiemaret,
819 3214 917 3257 unum
929 3191 1007 3257 illud
1018 3193 1214 3279 propositum

192 3275 337 3355 habebat,
352 3278 509 3343 continere
522 3277 555 3341 in
567 3278 703 3342 amicitia
716 3277 867 3355 civitates,
881 3277 958 3343 nulli
970 3298 1061 3364 spem
1073 3287 1130 3344 aut
1143 3300 1216 3345 cau·

194 3386 262 3428 sam
279 3362 353 3428 darc
371 3385 537 3428 armorum.
572 3362 650 3426 nihil
666 3363 749 3426 enim
766 3363 870 3428 minus
888 3361 1022 3440 volebat,
1041 3384 1138 3446 quem
1157 3363 1215 3429 sub

152 3498 154 3500 -
193 3448 326 3514 decessu
348 3470 406 3513 suo
427 3448 648 3513 necessitatem
670 3446 731 3512 sibi
751 3447 889 3531 aliquam
914 3447 1034 3599 imponi
1059 3447 1136 3515 belli
1160 3471 1215 3536 ge·

192 3533 290 3611 rendi,
307 3555 358 3611 ne,
377 3554 450 3597 cum
463 3533 632 3598 exercitum
645 3532 833 3598 deducturus
847 3544 939 3612 esset,
980 3532 1075 3598 ellum
1088 3534 1215 3618 aliquod

193 3619 430 3704 relinqueretur,
457 3618 542 3701 quod
563 3619 663 3683 omnis
687 3615 791 3684 Gellia
811 3616 944 3684 libenter
965 3618 1032 3684 sine
1057 3620 1215 3704 praesenti

192 3703 330 3791 periculo
349 3704 528 3803 susciperet.
555 3703 659 3786 itaque
676 3702 845 3768 honorifice
862 3703 1003 3768 civitates
1016 3704 1214 3791 appellando,

193 3789 349 3876 principes
367 3788 511 3853 maximis
528 3788 674 3874 praemiis
692 3787 870 3866 afficiendo,
894 3789 980 3853 nulla
1001 3809 1096 3854 onera
1113 3791 1214 3856 iniun-

183 3875 294 3960 gendo
316 3873 476 3940 defessam
497 3881 543 3939 tot
564 3873 703 3938 adversis
725 3873 849 3958 proeliis
873 3871 1009 3940 Galliam
1031 3875 1213 3942 condicione

170 3960 314 4043 parendi
329 3959 464 4028 meliore
483 3957 580 4028 facile
596 3959 631 4025 in
647 3981 728 4047 pace
745 3958 909 4025 continuat.

104 4057 145 4105 50
230 4044 314 4134 Ipse
333 4046 484 4117 hibernie
504 4047 648 4138 peractis
668 4041 1234 4114 conuaconsnetndrnentnuman
