2414 4336
371 273 491 337 coma
506 277 558 337 vn
573 279 691 336 11-1a
979 267 1039 340 101
1104 260 1106 264 ’

63 401 220 470 {aeduis
239 402 281 468 ad
298 425 333 470 ee
348 403 544 469 traducerent
561 403 748 488 obsidesque
761 402 853 470 abiis
866 404 1041 491 principum

63 520 82 567 s
101 498 297 585 acciperent
314 505 345 564 et
360 496 486 584 publice
502 498 604 565 iurare
621 506 768 586 cogerent
784 496 862 563 nihil
879 520 913 564 se
932 508 1040 565 contra

63 616 184 679 uanos
205 591 328 659 consilii
343 592 473 658 inituros
478 616 488 671 3
506 602 537 658 et
548 602 669 679 partem
681 591 804 658 finitimi
816 593 884 680 agri
901 594 1037 680 pervim

63 688 206 778 ipatam
227 686 424 775 possiderent
442 683 625 772 Galliaeque
646 687 741 753 totius
758 685 965 772 principatum
983 685 1039 753 ob-

63 792 159 853 rent.
208 803 270 867 qua
286 780 470 848 necessitate
492 781 645 848 adductus
661 780 839 847 Divitiacus
861 781 968 847 auxilii
984 803 1041 868 pe·

63 877 222 947 Rcausa
237 876 372 943 Romam
394 877 436 942 ad
458 885 600 942 senatum
620 873 781 963 profectus
802 875 986 962 imperfecta
1005 898 1038 942 re

63 966 160 1041 ierat.
212 971 347 1037 adventu
374 968 520 1037 Caesaris
545 970 629 1037 facta
658 970 896 1037 commutatione
926 993 1038 1049 rerum,

63 1064 184 1135 idibus
202 1063 346 1131 Haeduis
363 1063 506 1144 redditis,
533 1063 690 1130 veteribus
709 1063 858 1131 clientelis
879 1063 1038 1142 restitutis,

63 1160 104 1228 ds
122 1182 185 1247 per
199 1156 368 1226 Caesarem
385 1157 580 1245 comparatis,
600 1158 684 1243 quod
700 1157 743 1237 hi,
762 1159 863 1243 quise
879 1159 1039 1224 adeorum

63 1250 190 1323 initiam
214 1260 474 1340 aggregaverant,
505 1250 632 1317 meliore
658 1252 838 1318 condicione
869 1260 962 1337 atque
988 1274 1040 1317 ae-

63 1348 127 1428 bre
139 1346 273 1434 imperio
289 1367 324 1411 se
336 1345 383 1410 uti
396 1344 552 1424 videbant,
569 1345 697 1430 reliquis
709 1344 804 1411 rebus
819 1367 926 1411 eorum
938 1346 1040 1432 gratia

63 1432 234 1543 'pitateque
256 1439 443 1526 amplificata
462 1437 602 1525 Sequani
619 1439 826 1526 principatum
847 1439 1036 1505 dimiserant.

63 1552 177 1611 aarum
194 1535 298 1601 locum
310 1533 404 1600 Remi
422 1542 650 1600 successerant:
669 1556 748 1619 quos
761 1533 847 1618 quod
863 1534 1038 1618 adaequare

63 1626 102 1719 hd
121 1629 292 1697 Caesarem
308 1629 409 1718 gratia
425 1627 678 1715 intellegebatur,
704 1628 740 1707 ii,
767 1628 822 1713 qui
842 1638 968 1716 propter
984 1650 1038 1695 ue-

63 1722 101 1797 bs
117 1722 295 1790 iuimicitias
317 1723 402 1789 nullo
419 1723 513 1788 modo
531 1743 603 1787 cum
620 1721 764 1789 Haeduis
787 1721 934 1810 coniungi
950 1731 1038 1809 pote-

63 1800 99 1977 ἐ
116 1840 152 1884 se
168 1817 277 1884 Remis
295 1817 329 1882 iu
346 1816 521 1882 clientelam
538 1815 692 1882 dicabant.
736 1816 794 1883 hos
811 1817 857 1882 illi
874 1817 1038 1904 diligenter

95 1921 197 1977 antur:
215 1911 260 1977 ita
276 1919 307 1976 et
323 1932 438 1977 novam
455 1919 487 1976 et
502 1919 629 1998 repente
646 1910 807 1978 collectam
824 1912 1039 1979 auctoritatem

92 2003 175 2072 bant.
207 2025 245 2071 eo
263 2014 330 2071 tum
348 2013 430 2070 statu
446 2026 497 2071 res
516 2014 590 2085 erat,
608 2014 644 2070 ut
659 2004 753 2092 longe
769 2007 925 2092 principes
942 2004 1039 2071 habe-

91 2121 124 2166 ur
139 2099 282 2179 Haedui,
311 2099 483 2166 secundum
503 2099 608 2166 locum
628 2099 787 2188 dignitatis
805 2100 898 2166 Remi
920 2099 1039 2167 obtine·

136 2195 172 2260 in
194 2194 279 2260 omni
297 2191 402 2262 Gallia
423 2216 531 2261 eorum
552 2193 728 2272 hominum,
755 2194 810 2279 qui
835 2194 938 2279 aliquo
965 2203 1088 2263 santra

68 2364 71 2369 ,
91 2312 146 2357 ero
163 2298 259 2374 atque
274 2289 401 2370 honore,
419 2311 535 2378 genera
552 2297 625 2355 sunt
638 2289 714 2368 duo;
731 2311 805 2354 uam
818 2287 926 2374 plebes
939 2309 1037 2373 paene

63 2458 66 2487 Ι
85 2406 179 2452 orum
196 2382 328 2450 habetur
343 2383 423 2463 loco,
441 2404 522 2470 quae
538 2382 616 2448 nihil
633 2383 727 2450 audet
744 2404 801 2469 per
818 2404 862 2462 se,
879 2382 965 2448 nullo
983 2383 1038 2448 ad·
1153 2461 1156 2466 .

63 2475 297 2546 cumconsilio.
323 2476 472 2563 plerique,
491 2498 563 2543 cum
581 2486 635 2543 aut
652 2499 723 2544 aere
736 2477 836 2542 alieno
850 2485 905 2542 aut
917 2477 1038 2564 magni-

63 2568 120 2641 iue
139 2571 327 2638 tributorum
344 2581 397 2637 aut
413 2572 526 2638 iniuria
537 2573 745 2659 potentiorum
758 2581 948 2659 premuntur,
967 2594 1037 2640 sese

63 2667 248 2736 servitutem
265 2665 370 2732 dicant
387 2666 557 2734 nobilibus:
580 2668 614 2732 in
634 2667 693 2733 hos
715 2669 824 2734 eadem
842 2667 947 2734 omnia
965 2675 1038 2734 sunt

63 2786 89 2845 r,
110 2782 198 2848 quae
216 2760 349 2828 dominis
366 2761 400 2826 in
418 2783 534 2828 servos.
579 2762 636 2829 sed
653 2762 758 2828 dehis
776 2761 899 2829 duobus
917 2763 1038 2850 generi-

63 2883 66 2922 ι
98 2857 240 2924 alterum
265 2864 313 2923 est
338 2855 496 2935 druidum,
524 2855 655 2923 alterum
680 2857 828 2942 equitum.
877 2857 922 2922 illi
942 2857 1036 2924 rebus
1090 2902 1096 2916 ·

63 2951 128 3019 iuis
145 2949 314 3029 intersunt,
341 2950 492 3016 sacrificia
512 2950 639 3037 publica
659 2972 697 3016 ae
717 2952 839 3038 privata
859 2961 1035 3037 procurant,
1124 2995 1126 2998 <

63 3046 183 3134 giones
208 3042 462 3131 interpretantur:
488 3045 529 3111 ad
554 3066 608 3111 eos
631 3068 764 3134 maguus
791 3045 1035 3113 adulescentium

63 3161 164 3208 uerus
187 3137 369 3224 disciplinae
391 3162 486 3206 causa
506 3140 675 3220 concurrit,
702 3161 878 3227 magnoque
904 3138 937 3203 hi
963 3148 1036 3205 sunt

63 3235 94 3301 rd
114 3254 172 3300 eos
188 3231 315 3300 honore.
350 3257 424 3300 nam
441 3233 506 3300 fere
523 3234 563 3301 de
580 3233 725 3301 omnibus
743 3232 960 3301 controversiis
977 3255 1036 3320 pu-

63 3329 102 3395 :is
121 3327 315 3414 privatisque
336 3328 542 3410 constituunt,
570 3339 615 3408 et,
642 3328 669 3394 si
691 3329 775 3412 quod
793 3336 842 3393 est
863 3327 1034 3393 admissum

63 3423 153 3500 inus,
181 3422 209 3487 si
230 3423 344 3489 caedes
365 3422 464 3500 facta,
492 3422 520 3487 si
541 3423 581 3489 de
603 3421 786 3500 hereditate,
814 3421 841 3486 si
863 3420 902 3485 de
919 3421 1034 3489 finibus

63 3515 227 3582 troversia
243 3525 300 3595 est,
318 3516 401 3582 idem
419 3517 597 3594 decernunt,
615 3514 754 3603 praemia
765 3536 944 3601 poenasque
962 3538 1035 3583 eon·

63 3618 161 3689 uunt3
188 3609 216 3675 si
237 3611 291 3694 qui
312 3619 367 3676 ant
388 3612 528 3697 privatus
546 3618 601 3675 aut
621 3609 757 3696 populns
780 3632 887 3676 eorum
910 3612 1033 3677 decreto

63 3727 75 3770 r
97 3703 198 3783 stetit,
225 3704 384 3771 sacrificiis
406 3705 601 3771 interdicunt.
645 3702 722 3770 haec
742 3727 845 3792 poena
870 3705 954 3791 apud
979 3727 1033 3771 eos

86 3797 285 3887 gravissima.
329 3797 442 3883 quibus
468 3799 512 3865 ita
532 3808 581 3865 est
606 3797 817 3879 interdictum,
844 3799 878 3864 hi
902 3820 1032 3865 numero

63 3893 182 3980 piorum
207 3913 246 3959 ac
271 3892 492 3959 sceleratorum
520 3892 688 3972 habentur,
722 3894 772 3960 his
803 3915 911 3961 omnes
941 3892 1034 3961 dece·

63 3996 106 4067 ut,
133 3986 254 4054 aditum
277 4008 513 4073 sermonemque
535 3987 712 4076 defugiunt,
739 4011 779 4055 ne
801 3989 877 4074 quid
898 4011 939 4055 ex
959 4009 1032 4055 con·

63 4082 139 4165 ioue
163 4082 353 4150 incommodi
378 4083 549 4170 accipiant,
580 4104 681 4171 neque
705 4083 755 4152 his
781 4082 957 4172 petentibus
982 4083 1032 4153 ius
