2528 4336
160 272 202 342 68
475 284 528 343 DE
546 285 674 342 BELLO
694 283 862 344 GALLIOO
951 285 955 293 ’

157 435 268 492 naves,
297 434 404 479 earum
421 411 551 479 materia
569 421 663 497 atque
685 434 756 477 aere
778 412 819 477 ad
840 411 976 498 reliquas
999 413 1177 483 reficienda

157 507 303 575 utebatur
319 517 351 572 et
368 529 449 592 quac
467 508 509 573 ad
525 528 579 573 eas
597 529 648 572 res
667 515 755 571 erant
771 507 844 572 usui
861 529 902 573 ex
914 507 1091 575 continenti
1105 532 1177 576 com

156 604 273 688 portari
294 601 432 667 iubebat.
475 601 595 685 itaque,
623 623 696 666 cum
719 623 842 668 summo
865 603 968 669 studio
990 627 1011 669 a
1033 604 1177 671 militibut

156 697 436 774 administraretur,
467 695 633 762 duodecim
657 694 793 761 navibus
824 697 964 776 amissis,
994 698 1177 784 reliquisut

104 814 137 864 aa
154 791 297 880 navigari
314 791 478 857 commode
495 800 617 876 posset,
641 790 753 856 effecit.
799 791 929 858 dumea
950 802 1120 880 geruntur,
1142 792 1177 859 le·

155 888 249 976 gione
267 909 307 950 ex
324 885 549 950 consuetudine
566 908 631 950 una
647 885 872 951 frumentatum
894 886 1005 966 missa,
1029 909 1114 973 quae
1131 910 1177 976 ap·

154 980 330 1072 pellabatur
348 979 493 1065 septima,
520 1002 623 1065 neque
645 978 710 1045 ulla
727 980 768 1046 ad
784 980 818 1045 id
831 975 964 1069 'tempus
986 982 1064 1049 belli
1081 983 1177 1071 suspi-

155 1077 244 1142 cione
261 1073 458 1161 interposita,
485 1096 558 1141 cum
574 1098 648 1161 pars
665 1075 828 1141 hominum
844 1075 878 1141 in
895 1076 980 1164 agris
997 1084 1177 1157 remaneret,

153 1193 227 1260 pars
246 1169 340 1235 etiam
356 1169 390 1234 in
407 1177 509 1234 castra
525 1171 704 1248 ventitaret,
731 1170 768 1248 ii,
794 1171 849 1256 qui
869 1194 927 1257 pro
948 1172 1049 1258 portis
1067 1183 1177 1239 castro·

42 1348 46 1353 ⁵
153 1288 225 1332 rum
241 1265 275 1329 in
293 1265 424 1329 statione
443 1273 539 1343 erant,
560 1263 690 1330 Caesari
707 1265 929 1331 nuntiaverunt
939 1266 1106 1353 pulverem
1118 1290 1177 1333 ma·

153 1360 265 1438 iorem,
283 1380 379 1443 quam
397 1360 590 1425 consuetudo
607 1359 717 1438 ferret,
739 1359 773 1424 in
790 1382 828 1426 ea
844 1369 933 1447 parte
949 1361 1065 1442 videri,
1083 1365 1177 1447 'quam

152 1455 186 1521 in
203 1462 324 1541 partem
340 1452 424 1540 legio
442 1453 500 1518 iter
517 1453 655 1519 fecisset.
684 1452 803 1520 Caesar
819 1455 862 1534 id,
881 1455 966 1540 quod
983 1466 1061 1537 erat,
1080 1456 1177 1544 suspi-

153 1565 256 1626 catus,
285 1547 403 1633 aliquid
424 1549 499 1614 novi
521 1572 540 1614 a
561 1548 703 1615 barbaris
728 1549 841 1615 initum
863 1548 998 1629 consilii,
1026 1551 1177 1632 cohortes,

152 1666 234 1731 quae
251 1644 284 1708 in
302 1643 488 1710 stationibus
507 1653 604 1722 erant,
624 1666 731 1711 secum
748 1645 782 1710 iu
800 1668 869 1711 eam
881 1655 1002 1732 partem
1013 1648 1177 1733 proficisci,

153 1760 194 1805 ex
210 1736 339 1822 reliquis
357 1736 436 1801 duas
458 1738 492 1803 in
515 1737 680 1804 sationem
699 1740 880 1819 succedere,
907 1740 1044 1826 reliquas
1068 1740 1177 1808 armari

153 1841 184 1899 et
205 1831 370 1898 confestim
393 1852 462 1897 sese
485 1831 636 1916 subsequi
657 1833 758 1899 iussit.
803 1855 874 1900 cum
895 1834 990 1921 paulo
1011 1834 1175 1922 longiusa

154 1926 265 1992 castris
282 1925 503 2012 processisset,
531 1948 605 1992 suos
624 1924 664 1992 ab
686 1927 830 1994 hostibus
852 1929 952 2014 premi
974 1938 1069 2013 atque
1086 1949 1176 2016 aegre

153 2020 306 2087 sustinere
333 2028 364 2084 et
389 2019 530 2085 conferta
554 2019 677 2108 legione
703 2044 744 2088 ex
773 2021 918 2088 omnibus
949 2022 1091 2109 partibus
1118 2021 1176 2087 tela

152 2114 251 2182 conici
269 2113 494 2179 animadvertit.
539 2138 612 2180 nam
630 2115 715 2200 quod
732 2117 817 2181 omni
835 2138 875 2181 ex
891 2115 1019 2201 reliquis
1036 2115 1173 2204 partibus

152 2211 296 2276 demesso
314 2208 471 2276 frumento
487 2231 561 2295 pars
579 2233 643 2275 uua
660 2220 727 2276 erat
742 2210 875 2296 reliqua,
900 2211 1051 2297 suspicati
1071 2211 1173 2277 hostes

150 2304 213 2371 huc
231 2313 355 2370 nostros
374 2326 445 2370 esse
462 2314 610 2371 venturos
628 2315 724 2371 noctu
740 2305 774 2371 in
792 2305 878 2371 silvis
893 2305 1093 2386 delituerant;
1111 2315 1173 2371 tum

151 2401 309 2486 dispersos
337 2399 486 2485 depositis
520 2401 614 2466 armis
641 2400 675 2465 in
704 2400 849 2466 metendo
877 2410 1045 2487 occupatos
1073 2400 1172 2468 subito

151 2493 252 2560 adorti
271 2494 381 2579 paucis
409 2492 580 2559 interfectis
609 2495 746 2580 reliquos
768 2495 894 2560 incertis
917 2495 1078 2563 ordinibus
1105 2518 1171 2583 per-

151 2587 360 2665 turbaverant,
380 2586 473 2651 simul
492 2589 632 2672 equitatu
649 2599 743 2674 atque
761 2589 880 2656 essedis
899 2590 1170 2657 circumdederant

100 2703 132 2752 33
149 2704 250 2770 genus
268 2680 329 2747 hoc
347 2689 395 2745 est
413 2703 453 2746 ex
470 2682 589 2747 essedis
608 2705 744 2770 pugnae.
787 2684 888 2770 primo
905 2706 962 2770 per
979 2706 1088 2751 omnes
1105 2707 1172 2772 par·

149 2786 197 2842 tes
214 2774 412 2862 perequitant
434 2784 465 2840 et
483 2774 545 2840 tela
562 2776 720 2842 coniciunt
742 2787 835 2863 atque
852 2779 922 2865 ipso
948 2788 1064 2845 terrore
1082 2800 1171 2865 equo·

149 2893 220 2936 rum
238 2877 270 2934 et
288 2868 418 2954 strepitu
434 2877 574 2935 rotarum
592 2871 716 2938 ordines
734 2873 918 2958 plerumque
935 2872 1126 2959 perturbant,
1143 2880 1170 2937 et

150 2988 222 3032 cum
244 2985 278 3028 se
300 2962 382 3028 inter
403 2963 543 3048 equitum
566 2976 685 3032 tmmas
712 2967 961 3046 insinuaverunt,
988 2990 1029 3034 ex
1056 2967 1167 3036 essedis

149 3059 296 3127 desiliunt
314 3057 494 3144 etpedibus
512 3060 711 3144 proeliantur.
740 3062 867 3149 aurigae
884 3062 1008 3128 interim
1024 3063 1169 3150 paulatim

149 3177 189 3220 ex
205 3152 323 3240 proelio
342 3153 497 3218 excedunt
515 3163 608 3238 atque
625 3156 669 3220 ita
691 3179 800 3222 currus
823 3155 988 3235 collocant,
1012 3166 1062 3236 ut,
1086 3158 1114 3224 si
1129 3154 1169 3222 illi

148 3273 168 3315 a
185 3247 382 3314 multitudine
399 3247 539 3314 hostium
555 3260 749 3335 premantur,
776 3250 957 3338 expeditum
974 3251 1015 3316 ad
1033 3274 1109 3319 suos
1125 3273 1170 3316 rc-

148 3351 274 3429 ceptum
298 3342 444 3409 habeant
493 3342 538 3408 ita
563 3343 767 3410 mobilitatem
793 3346 946 3429 equitum,
975 3345 1172 3413 stabilitatem

147 3437 288 3523 peditum
309 3437 343 3501 in
363 3437 490 3523 proeliis
513 3447 672 3523 praestant
693 3461 731 3503 ac
748 3448 869 3504 tantum
890 3462 953 3504 usu
970 3440 1128 3507 cotidiano
1145 3448 1172 3506 et

149 3531 367 3597 exercitatione
386 3531 540 3612 efficiunt,
563 3533 609 3597 uti
625 3533 659 3597 in
677 3532 790 3599 declivi
806 3556 844 3599 ac
860 3533 1023 3620 praecipiti
1039 3535 1112 3603 loco
1128 3536 1173 3602 in·

148 3626 258 3692 citatos
285 3647 383 3710 equos
411 3628 564 3692 sustinere
591 3636 622 3693 et
646 3627 735 3694 brevi
760 3628 915 3694 moderari
938 3651 976 3695 ao
997 3629 1123 3699 flectere
1144 3639 1172 3698 et

147 3741 204 3806 per
220 3730 377 3786 temonem
393 3743 572 3807 percurrere
590 3731 621 3787 et
637 3721 671 3786 in
687 3722 763 3809 iugo
779 3723 925 3790 insistere
947 3733 978 3790 et
996 3748 1031 3792 se
1047 3727 1122 3793 inde
1143 3728 1173 3792 in

96 3841 131 3893 34
148 3835 256 3879 currus
279 3816 428 3881 citissime
449 3815 587 3902 recipere
610 3817 797 3882 consuerint.
842 3819 957 3902 quibus
982 3819 1079 3886 rebus
1104 3844 1173 3909 per-

147 3907 278 3974 turbatis
300 3909 416 3976 nostris
438 3909 577 3977 novitate
598 3932 724 3998 pugnae
746 3921 887 3999 tempore
909 3915 1174 4000 opportunissimo

147 4000 269 4070 Caesar
289 4004 439 4071 auxilium
460 4004 544 4072 tulit:
570 4027 706 4091 namque
723 4005 792 4072 eius
815 4007 953 4074 adventu
974 4007 1082 4075 hostes
1100 4031 1172 4076 oon·

128 4097 295 4181 stiterunt,
322 4100 426 4169 nostri
449 4123 486 4170 se
507 4123 552 4169 ex
571 4101 687 4170 timore
706 4112 907 4189 receperunt
948 4124 1011 4187 ouo
1028 4103 1115 4170 tauto
1134 4104 1177 4170 ad
