2414 4336
136 269 157 334 2
456 280 652 337 ouaauuo
671 277 838 337 ommoo

9 420 11 425 ⁴
137 404 247 471 horum
265 404 403 470 omnium
420 403 582 470 fortissimi
604 414 676 470 sunt
692 404 825 490 Belgae,
847 411 1013 489 propterea
1030 423 1046 485 q

136 499 221 565 cultu
238 509 333 583 atque
349 499 542 564 humanitate
559 499 736 585 provinciae
753 498 936 585 longissime
953 496 1046 562 absur

136 594 281 677 nimeque
302 592 343 658 ad
369 614 424 658 eos
449 601 636 659 mercatores
664 614 758 679 saepe
784 598 960 657 commeant
985 598 1046 674 atqr

135 712 215 776 quae
232 689 273 755 ad
290 687 515 754 effeminandos
533 688 652 755 animos
670 688 833 774 pertinent,
851 687 1028 773 important,

134 784 239 868 mique
262 791 334 848 sunt
352 778 532 859 Germanis,
559 781 614 866 qui
635 791 720 848 trans
742 781 889 847 Rhenum
911 779 1046 846 incolunt

135 878 268 945 buscum
291 874 484 943 continenter
504 875 622 942 bellum
643 884 767 963 gerunt.
808 897 871 960 qua
893 874 934 939 de
956 894 1046 939 causa

135 971 209 1038 vetii
226 991 350 1055 quoque
366 969 502 1054 reliquos
513 966 624 1036 Gallos
637 971 751 1035 vimute
768 968 968 1056 praecedunt,
987 989 1046 1051 quo

136 1065 300 1132 cotidianis
326 1063 452 1150 proeliis
481 1086 553 1130 oum
577 1061 745 1131 Germanis
772 1064 977 1140 contendunt,
1001 1083 1046 1126 our

137 1161 202 1227 suis
227 1159 343 1225 finibus
374 1180 429 1224 eos
455 1158 633 1244 prohibent,
665 1169 720 1224 aut
749 1159 811 1244 ipsi
841 1158 874 1223 in
900 1180 1008 1223 eorum
1038 1161 1046 1220 t

135 1254 252 1322 bellum
273 1262 394 1340 gerunt.
439 1275 548 1319 eorum
569 1274 740 1339 unapars,
765 1275 859 1337 quam
883 1249 992 1317 Gallos
1015 1249 1046 1315 ol

136 1349 253 1416 dictum
274 1355 335 1427 est,
357 1345 480 1412 initium
502 1347 586 1434 capit
603 1371 623 1413 a
639 1347 767 1413 flumine
783 1346 953 1424 Rhodan03
981 1362 1046 1411 cont

136 1441 298 1510 Garumna
323 1441 465 1520 flumine,
495 1438 640 1520 Oceano,
667 1441 783 1508 finibus
809 1435 1000 1527 Belgarum3
1033 1463 1046 1503 a

136 1537 230 1604 etiam
252 1536 292 1602 ab
316 1533 472 1621 Sequanis
494 1545 525 1601 et
546 1535 702 1603 Helvetiis
724 1535 840 1601 flumen
861 1530 1027 1613 Rhenum3

136 1632 177 1697 ad
208 1631 443 1717 septentriones.
486 1629 607 1718 Belgae
637 1630 677 1697 ab
708 1631 855 1696 extremis
886 1623 1046 1695 Galliae't

136 1725 291 1804 oriuntur3
317 1724 474 1811 pertinent
490 1724 531 1790 ad
547 1725 725 1790 inferiorem
742 1733 863 1810 partem
880 1722 1018 1788 fluminis
1036 1720 1046 1786 l

137 1827 278 1905 spectant
299 1818 333 1882 in
354 1817 595 1904 septentrionem
617 1828 648 1884 et
669 1819 818 1884 orientem
837 1818 945 1884 solem.
984 1815 1046 1900 Aqr

136 1937 156 1978 a
170 1909 331 1979 Garumna
348 1910 476 1977 flumine
494 1912 535 1978 ad
550 1911 732 1999 Pyrenaeos
749 1922 872 1978 montes
891 1922 922 1977 et
940 1910 980 1976 ad
998 1933 1046 1976 ear

135 2015 199 2073 tem
223 2004 358 2084 Oceani,
385 2027 466 2090 quae
493 2015 541 2072 est
566 2006 607 2073 ad
628 2006 832 2092 Hispaniam,
858 2007 1009 2093 pertinet3
1037 2028 1046 2070 r

135 2100 216 2167 inter
234 2122 381 2167 occasum
399 2099 474 2166 solis
495 2110 527 2166 et
544 2102 780 2187 septentriones.

103 2216 117 2266 2
194 2194 293 2281 Apud
313 2193 478 2261 Helvetios
499 2194 593 2282 longe
613 2195 827 2262 nobilissimus
850 2204 881 2260 et
902 2194 1046 2259 ditissimi

138 2283 316 2377 Orgetorix.
355 2290 383 2356 is
400 2287 448 2355 Μ.
462 2288 604 2356 Messala
621 2300 652 2356 et
668 2288 716 2355 M.
735 2289 852 2357 Pisone
869 2287 1046 2354 oonsulibus

136 2383 304 2468 cupiditate
327 2382 473 2449 inductus
496 2383 737 2450 coniurationem
753 2382 923 2450 nobilitatis
941 2381 1046 2446 fecite

135 2477 192 2541 tati
208 2477 377 2562 persuasit,
396 2485 431 2542 ut
449 2477 488 2542 de
504 2477 620 2544 finibus
639 2478 704 2543 suis
722 2500 794 2543 oum
811 2476 956 2543 omnibus
975 2475 1046 2561 copi

135 2581 221 2635 rents
252 2569 509 2656 perfecissem,
540 2592 612 2637 oum
638 2571 752 2637 virtme
778 2570 923 2636 omnibus
953 2590 1044 2655 praes

136 2665 231 2732 totius
251 2663 373 2732 Galliae
394 2666 525 2753 imperio
546 2665 649 2753 potiri.
692 2666 726 2731 id
747 2665 808 2732 hoc
824 2665 947 2732 facilius
965 2663 1011 2729 eis
1028 2685 1046 2747 p

137 2761 190 2839 sit,
213 2760 298 2844 quod
318 2760 456 2844 undique
482 2761 544 2827 loci
564 2770 676 2826 natura
696 2759 837 2826 Helvetii
859 2759 1046 2826 continentur

138 2877 177 2920 ex
198 2863 286 2940 parte
312 2853 440 2920 flumine
462 2853 588 2934 Rheno,
615 2855 888 2939 latissimo‘atque
915 2853 1045 2918 altissim

136 2971 248 3036 agrum
273 2947 455 3014 Helvetium
487 2973 506 3014 a
533 2947 700 3016 Germanis
726 2949 849 3026 dividit3
882 2947 979 3013 altera
1005 2968 1044 3010 ex

136 3052 242 3108 monte
263 3042 338 3108 Iura
364 3042 530 3121 altissimo,
553 3043 607 3128 qui
629 3052 677 3109 est
697 3042 778 3107 inter
800 3039 964 3125 Sequanos
987 3037 1046 3103 etl

137 3137 211 3215 tios3
234 3136 324 3201 tertia
348 3135 419 3202 lacu
435 3137 601 3202 Lemanno
623 3147 654 3203 et
675 3136 802 3201 flumine
819 3136 987 3212 Rhodano,
1010 3155 1046 3216 qu

136 3231 271 3298 unciam
287 3239 425 3296 nostram
444 3231 484 3297 ab
497 3231 654 3300 Helvetiis
672 3231 790 3296 dividit.
822 3231 871 3296 his
889 3230 982 3295 rebus
1001 3227 1046 3292 fiel

137 3335 168 3390 et
188 3325 292 3390 minus
317 3324 379 3390 late
405 3335 607 3412 vagarentur,
635 3335 666 3390 et
687 3325 791 3389 minus
818 3323 910 3389 facile
931 3322 1046 3386 finitimi

137 3418 202 3483 lum
224 3418 337 3484 inferre
360 3429 503 3506 possent;
529 3442 592 3504 qua
609 3442 650 3486 ex
670 3428 759 3506 parte
780 3419 922 3484 homines
945 3416 1046 3483 bellan

137 3512 203 3599 pidi
220 3534 334 3598 magno
357 3513 464 3579 dolore
487 3513 711 3580 afficiebantur.
755 3534 812 3599 pro
834 3511 1031 3577 multitudine

137 3606 297 3672 hominum
319 3617 350 3672 et
371 3630 428 3693 pro
451 3609 550 3696 gloria
572 3608 646 3675 belli
668 3616 761 3692 atque
787 3607 976 3673 fortitudinis
1006 3628 1045 3669 an

140 3724 174 3768 se
201 3701 272 3766 finis
298 3701 415 3769 habere
440 3703 680 3781 arbitrabantur,
709 3702 763 3786 qui
788 3703 822 3767 in
846 3700 1044 3787 longitudine

135 3795 179 3862 lia
198 3817 350 3883 passuum
373 3795 514 3876 CCXL,
539 3799 574 3863 in
594 3797 790 3862 latitudinem
808 3793 981 3862 CLXXX
998 3816 1018 3879 p

105 3890 186 3956 this
208 3890 302 3957 rebus
320 3891 447 3957 adducti
469 3902 500 3957 et
516 3892 699 3958 auctoritate
718 3887 916 3977 Orgetorigis
934 3910 1008 3974 pern

125 3987 299 4051 stituerunt
320 4009 372 4067 ea,
396 4007 478 4073 quae
499 3987 541 4053 ad
560 3984 820 4074 proficiscendum
846 3984 1009 4070 pertinerer

101 4096 240 4162 Fame,
265 4081 488 4152 iumentorum
506 4092 541 4151 et
563 4104 728 4151 carrorum
747 4101 845 4167 quam
862 4077 1016 4142 maximus
