2414 4336
69 176 113 244 40
384 189 436 245 ou
454 188 580 244 sunno
600 186 766 244 cadurco

71 336 108 382 ac
123 312 254 400 paludes
268 313 424 380 coniectos
442 314 628 393 dixeramus,
646 312 707 379 hac
723 335 831 400 pugna
846 309 1008 388 nuntiata,
1027 328 1091 374 eum

70 408 239 475 victoribus
255 408 333 474 nihil
349 409 547 495 impeditum,
574 409 665 473 victis
687 407 764 473 nihil
786 415 890 472 tutum
906 403 1093 486 arbitrarer-

70 515 129 581 tur,
147 503 299 583 omuium,
318 504 373 588 qui
390 511 583 589 supererant,
603 525 758 568 consensu
775 502 897 588 legatos
914 500 962 567 ad
981 497 1094 566 Caesa·

69 619 136 663 rem
156 597 308 664 miserunt
329 619 425 682 seque
451 598 481 663 ei
502 597 688 663 dediderunt
712 607 743 662 et
763 597 797 662 in
819 593 1095 662 commemoranda

70 691 203 758 civitatis
228 691 403 758 calamitate
429 714 470 758 ex
490 691 554 759 Dc
577 691 617 758 ad
639 701 702 757 tres
725 701 899 770 senatores,
926 713 972 757 ex
998 689 1094 756 homi·

70 809 146 852 num
163 786 289 853 milibus
306 787 377 852 LX
392 787 447 852 vix
464 789 505 852 ad
522 789 725 875 quingentos,
743 788 798 871 qui
815 809 903 853 arma
920 785 1008 853 ferre
1024 806 1095 873 pos-

71 890 154 960 sent,
183 903 252 947 sese
276 882 420 948 redactos
446 903 516 947 esse
540 883 694 947 dixerunt.
738 903 818 966 quos
841 879 980 960 Caesar,
1008 881 1092 946 utin

69 975 201 1040 miseros
218 996 256 1040 ac
273 976 430 1061 supplices
447 996 524 1042 usus
542 976 754 1042 misericordia
770 976 945 1055 videretur,
965 975 1092 1062 diligen·

70 1069 189 1135 tissime
207 1070 402 1135 conservavit
420 1069 546 1154 suisque
564 1069 678 1136 finibus
696 1078 790 1154 atque
804 1068 931 1156 oppidis
943 1070 993 1135 uti
1006 1069 1092 1135 iussit

70 1174 101 1231 et
118 1165 257 1232 finitimis
274 1166 448 1252 imperavit,
467 1176 501 1231 ut
514 1165 555 1232 ab
568 1167 680 1232 iniuria
697 1175 728 1232 et
740 1165 893 1232 maleficio
907 1187 944 1233 se
959 1185 1092 1252 suosque

69 1259 276 1347 prohiberent

20 1373 52 1426 at
133 1353 307 1434 Aduatuci,
330 1356 501 1440 dequibus
519 1357 828 1442 suprascripsimus,
851 1377 923 1421 cum
947 1355 1091 1423 omnibus

70 1451 169 1537 copiis
195 1451 311 1516 auxilio
336 1448 459 1517 Nerviis
486 1450 640 1528 venirent,
666 1450 727 1515 hac
752 1473 859 1537 pugna
884 1450 1032 1516 nuntiata
1056 1472 1091 1516 ex

69 1546 178 1612 itinere
205 1544 332 1609 domum
357 1553 563 1624 reverterunt;
594 1546 713 1609 cunctis
739 1545 861 1630 oppidis
892 1544 1091 1630 castellisque

70 1641 201 1708 desertis
220 1663 278 1706 sua
294 1640 399 1706 omnia
414 1641 449 1704 in
465 1661 562 1704 unum
580 1640 730 1726 oppidum
748 1641 874 1727 egregie
895 1649 1011 1705 natura
1028 1663 1092 1704 mu-

70 1738 171 1803 nitum
188 1735 391 1801 contulerunt
418 1735 504 1819 quod
521 1756 594 1799 cum
611 1756 651 1800 ex
668 1735 813 1801 omnibus
830 1735 864 1799 in
877 1734 1012 1800 circuitu
1024 1757 1091 1820 par·

70 1831 154 1898 tibus
172 1831 340 1895 altissimas
357 1851 449 1915 rupes
468 1830 696 1916 despectusque
714 1829 852 1907 haberet,
870 1852 935 1894 una
952 1852 993 1895 ex
1006 1839 1091 1916 parte

71 1925 180 1991 leniter
201 1924 326 1990 acclivis
349 1924 451 1990 aditus
473 1925 506 1988 in
522 1924 717 1989 latitudinem
738 1946 802 1989 non
823 1923 959 2009 amplius
977 1924 1092 1990 ducen-

70 2031 173 2087 torum
189 2021 305 2106 pedum
322 2019 566 2104 relinquebatur3
585 2042 680 2104 quem
691 2020 795 2085 locum
809 2018 926 2105 duplici
940 2018 1091 2085 altissimo

70 2137 159 2181 muro
176 2115 365 2180 munierant:
388 2123 456 2179 tum
473 2115 580 2202 magni
596 2114 742 2201 ponderis
761 2137 837 2180 saxa
855 2123 886 2177 et
907 2124 1092 2199 praeacutas

70 2210 174 2277 trahes
191 2211 225 2274 in
243 2232 331 2276 muro
353 2208 556 2276 collocabant.
600 2210 662 2295 ipsi
683 2217 771 2273 erant
793 2230 833 2273 ex
851 2206 990 2274 Cimbris
1010 2207 1093 2274 Teu·

70 2306 213 2390 tonisque
230 2305 388 2392 prognati,
415 2306 483 2389 qui,
511 2327 583 2370 cum
604 2305 663 2369 iter
684 2305 716 2368 in
737 2303 929 2389 provinciam
951 2313 1093 2369 nostram

70 2414 162 2487 atque
171 2400 295 2466 Italiam
308 2400 455 2478 facerent,
474 2401 512 2466 iis
525 2399 765 2484 impedimentis,
784 2420 864 2482 quae
878 2419 986 2463 secum
999 2418 1094 2486 agere

70 2519 107 2564 ac
127 2507 250 2582 portare
272 2516 336 2559 non
356 2502 512 2579 poterant,
539 2494 616 2558 citra
637 2493 754 2557 flumen
771 2492 917 2559 Rhenum
940 2491 1093 2577 depositis

70 2590 244 2658 custodiam
261 2611 301 2654 ex
319 2589 384 2655 suis
402 2609 440 2652 ac
456 2587 646 2673 praesidium
669 2609 725 2652 sex
742 2585 828 2651 milia
849 2586 1013 2651 hominum
1031 2609 1094 2652 una

68 2686 267 2770 reliquerunt.
312 2683 345 2748 hi
366 2691 438 2768 post
459 2703 566 2747 eorum
588 2681 708 2748 obitum
728 2681 843 2746 multos
866 2703 963 2747 annos
986 2704 1008 2746 a
1024 2681 1095 2746 fini-

69 2781 153 2846 timis
172 2779 334 2864 exagitati,
362 2798 434 2842 cum
451 2777 528 2842 alias
545 2776 663 2843 bellum
685 2777 849 2854 inferrent,
876 2777 953 2841 alias
971 2775 1094 2842 illatum

71 2873 287 2950 defenderent,
315 2893 469 2937 consensu
496 2893 603 2936 eorum
629 2873 769 2936 omnium
794 2892 871 2957 pace
898 2869 983 2935 facta
1008 2869 1094 2936 huno

19 2978 52 3030 30
71 2966 136 3034 sibi
148 2965 304 3030 domicilio
321 2965 425 3031 locum
442 2964 633 3053 delegerunt.
677 2987 715 3030 ac
732 2965 832 3051 primo
849 2965 986 3030 adventu
1005 2987 1094 3031 exer-

70 3063 149 3126 citus
166 3061 265 3125 nostri
283 3058 406 3125 crebras
425 3081 465 3125 ex
486 3060 600 3146 oppido
623 3061 823 3126 excursiones
846 3059 1004 3125 faciebant
1021 3083 1093 3145 par·

70 3155 214 3238 vulisque
235 3153 360 3239 proeliis
383 3176 456 3219 cum
477 3155 591 3219 nostris
609 3154 852 3232 contendebant;
877 3165 988 3238 postea
1009 3155 1094 3220 vallo

69 3249 185 3335 pedum
203 3248 288 3327 XII,
314 3250 348 3314 in
369 3249 499 3314 circuitu
521 3247 591 3314 XV
611 3249 732 3312 milium
754 3247 933 3331 crebrisque
955 3248 1092 3314 castellis

70 3344 296 3409 circummuniti
318 3343 433 3429 oppido
459 3365 529 3410 sese
551 3342 758 3408 continebant.
806 3342 861 3407 ubi
886 3341 986 3406 vineis
1014 3343 1091 3409 actis

70 3459 185 3525 aggere
203 3449 359 3503 exstructo
377 3438 486 3503 turrim
503 3437 611 3524 procul
625 3436 769 3502 constitui
783 3435 937 3513 viderunt,
955 3437 1091 3521 primum

69 3531 196 3597 irridere
222 3554 262 3597 ex
287 3555 376 3598 muro
404 3545 496 3618 atque
521 3532 704 3617 increpitare
726 3530 871 3607 vocibus,
899 3531 984 3614 quod
1005 3541 1092 3597 tanta

70 3627 257 3693 machinatio
279 3626 319 3692 ab
341 3637 427 3692 tanto
450 3630 550 3714 spatio
571 3629 787 3692 instrueretur:
814 3624 1004 3709 quibusnam
1026 3649 1091 3692 ma·

70 3722 162 3788 nibus
181 3732 236 3787 aut
252 3720 366 3807 quibus
385 3721 503 3787 viribus
520 3722 703 3808 praesertim
720 3720 862 3786 homines
876 3719 1015 3786 tantulae
1029 3732 1090 3787 sta·

71 3826 158 3882 turae
176 3817 263 3899 (nam
279 3816 463 3903 plerumque
476 3816 654 3882 hominibus
670 3813 770 3882 Gallis
788 3837 862 3901 prae
876 3816 1089 3903 magnitudine

71 3933 234 3997 corporum
261 3934 388 3978 suorum
413 3910 549 3976 brevitas
575 3920 681 3976 nostra
706 3911 897 3996 contemptui
924 3911 987 3996 est)
1012 3911 1087 3978 tanti

1 4020 39 4070 ει
57 4006 165 4071 oneris
183 4007 293 4073 rumina
309 4016 455 4074 moturos
473 4029 546 4074 sese
563 4004 772 4073 confiderenti
811 4004 872 4069 ubi
882 4025 961 4069 cero
973 4005 1096 4071 moseri
