2414 4336
154 242 218 318 126
477 254 862 318 nnsnnnoennmco

151 407 217 454 non
241 385 365 474 recipit,
391 385 587 452 conclamare
613 394 644 451 et
667 383 844 472 significare
866 383 908 450 de
931 381 1011 471 fuga
1031 380 1086 449 Bor

152 490 331 570 coeperunt
376 502 439 567 qno
464 480 576 547 timore
601 478 755 566 perterriti
782 476 881 557 Galli,
909 498 951 544 ne
978 477 1019 544 ab
1044 499 1086 564 equ

152 575 367 643 Romanunm
388 576 458 640 riae
484 583 800 662 praeoccuparentur,
827 574 962 640 consilio
990 575 1086 641 destiti

102 689 135 742 er
152 680 279 758 postero
305 671 356 737 die
383 668 503 737 Caesar
531 679 675 757 promota
700 669 777 736 turri
807 670 1002 754 directisque
1027 691 1086 756 oper

146 778 234 852 quae
251 764 355 831 facere
372 764 562 843 instituerat,
584 786 700 853 magno
718 774 825 832 coorto
842 763 946 831 imbre
964 787 1030 832 non
1044 765 1086 830 inu

152 859 234 926 hane
251 859 293 926 ad
310 859 497 945 capiendum
514 858 680 925 consilium
697 868 919 946 tempestatem
937 858 1086 925 arbitratu

153 954 238 1040 quod
255 952 350 1040 paulo
366 953 522 1020 incautius
540 953 699 1020 custodias
711 955 746 1019 in
757 974 847 1020 muro
861 953 1036 1040 dispositas
1049 953 1086 1018 vi(¹

154 1070 291 1134 suosque
299 1049 478 1136 languidius
488 1049 622 1136 inopere
632 1049 750 1116 versari
757 1049 848 1116 iussit
857 1058 899 1128 et,
914 1049 996 1134 qnid
1008 1049 1086 1115 fieriu

153 1143 298 1211 ostendit.
342 1142 580 1236 legionibusque
602 1143 684 1210 intra
704 1144 813 1210 vineas
830 1144 865 1208 in
883 1143 1012 1210 occulto
1034 1166 1086 1230 exp

153 1237 347 1317 cohortatus,
370 1247 405 1303 ut
423 1238 590 1324 aliquando
606 1260 664 1324 pro
681 1238 775 1304 tantis
796 1237 963 1305 laboribus
986 1237 1086 1304 fructu

153 1333 269 1400 ctoriae
289 1332 497 1419 perciperent,
524 1333 577 1412 iis,
604 1333 660 1417 qui
685 1332 779 1418 primi
804 1355 932 1398 murum
962 1333 1086 1400 ascendi

153 1427 292 1514 praemia
308 1428 470 1514 proposuit
492 1427 705 1512 militibusque
724 1427 850 1514 signum
874 1427 976 1494 dedit.
1021 1428 1086 1493 illit

154 1543 194 1587 ex
212 1521 356 1588 omnibus
374 1521 515 1608 partibus
528 1522 730 1588 evolavemnt
743 1543 933 1606 murumque
947 1521 1086 1590 celeriter

102 1633 136 1686 28
153 1616 326 1702 pleverunt
361 1617 469 1682 hostes
486 1639 520 1682 re
537 1638 620 1682 nove
637 1618 792 1703 perterriti
808 1638 899 1683 muro
914 1617 1086 1703 turribusqr

154 1710 227 1776 iecti
248 1710 282 1776 in
298 1710 366 1776 foro
384 1734 422 1777 ac
442 1710 520 1777 locis
541 1710 768 1797 patentioribus
792 1712 954 1777 cuneatim
972 1713 1086 1778 constit

154 1805 215 1872 boc
232 1805 351 1884 animo,
378 1815 427 1885 ut,
455 1806 483 1871 si
500 1826 563 1891 qua
582 1815 727 1893 exparte
745 1805 872 1885 obviam
890 1817 1006 1874 contra
1022 1808 1086 1874 veni

154 1900 222 1966 acie
252 1900 404 1966 instructa
434 1901 660 1988 depugnarent.
709 1899 766 1966 ubi
795 1901 958 1967 neminem
987 1903 1024 1968 in
1053 1926 1086 1968 ae

153 1993 258 2062 locum
275 2016 346 2062 sese
364 1995 534 2074 demittere,
553 1995 610 2060 sed
627 2003 692 2061 toto
710 1994 849 2080 undique
866 2019 960 2062 muro
979 1998 1086 2064 circum

153 2090 311 2169 viderunt,
330 2089 429 2168 veriti,
449 2111 489 2156 ne
507 2089 633 2157 omnino
653 2111 726 2176 spes
743 2088 839 2176 firgae
856 2089 1035 2171 tolleretur,
1055 2091 1086 2158 ab

156 2185 251 2252 armis
269 2183 395 2250 ultimas
417 2184 524 2271 oppidi
544 2193 649 2270 partes
668 2183 837 2249 continenti
857 2182 984 2273 impetu
1001 2187 1086 2273 petire

152 2301 289 2368 parsque
305 2279 363 2357 ibi,
391 2300 463 2344 cum
481 2288 616 2366 angusto
634 2278 720 2345 exitu
740 2287 904 2365 portarum
927 2302 963 2346 se
986 2281 1049 2368 ipsi
1063 2303 1086 2368 pr

153 2385 230 2453 rent,
249 2397 270 2440 a
286 2372 446 2453 militibus,
464 2396 537 2460 pars
555 2375 618 2439 iam
635 2395 765 2460 egresse
780 2373 880 2460 portis
900 2374 943 2441 ab
961 2376 1086 2461 equitibr

152 2467 326 2534 interfecta.
366 2485 425 2534 nec
441 2467 502 2534 luit
519 2469 699 2554 quisquam,
719 2468 773 2552 qni
790 2468 928 2554 praedae
945 2472 1086 2538 studeret

154 2573 186 2629 et
207 2560 329 2629 Cenabi
346 2563 442 2629 caede
464 2573 495 2629 et
516 2563 622 2631 labore
640 2563 742 2650 operis
765 2563 886 2629 incitati
907 2586 975 2630 non
994 2575 1086 2632 aetate

154 2657 256 2736 fectis,
273 2680 338 2724 non
354 2656 551 2738 mulieribus,
569 2681 634 2724 non
649 2657 821 2725 infantibus
839 2671 1058 2745 pepercerunt

153 2774 216 2837 que
237 2751 322 2818 omni
344 2774 384 2818 ex
405 2775 548 2832 numero,
574 2753 630 2839 qui
651 2753 711 2818 iirit
733 2753 854 2819 circiter
874 2753 1003 2821 milium
1023 2755 1084 2820 XL

154 2845 289 2925 DCCC,
308 2847 363 2931 qui
379 2848 481 2934 primo
499 2848 633 2913 clamore
651 2848 758 2914 audito
777 2870 810 2914 se
828 2869 869 2913 ex
882 2849 1004 2935 oppido
1017 2850 1086 2916 eisc<

155 2940 327 3007 incolumes
358 2941 400 3007 ad
429 2940 722 3029 Vercingetorigem
752 2953 975 3028 pervenerimt„
1025 2965 1086 3030 quc

155 3034 255 3103 multa
270 3035 334 3102 iam
351 3044 443 3102 nocte
461 3036 583 3102 silentio
601 3058 641 3102 ex
662 3036 740 3123 fuga
760 3037 885 3122 excepit
907 3038 1044 3119 veritus,
1066 3063 1086 3104 n

153 3131 188 3196 in
205 3131 315 3197 castris
334 3152 374 3196 ex
392 3152 500 3196 eorum
517 3152 672 3196 concursu
689 3140 720 3195 et
737 3130 955 3197 misericordia
967 3133 1086 3220 vulgis

154 3234 302 3305 oreretur,
321 3234 356 3290 ut
372 3223 481 3311 procul
498 3226 532 3290 in
548 3226 601 3291 via
618 3222 778 3310 dispositis
796 3225 1009 3294 familiaribus
1023 3229 1086 3294 suis

154 3318 338 3404 cipibusque
356 3318 517 3385 civitatum
534 3319 740 3405 disparandos
762 3318 1033 3407 deducendosque
1055 3323 1086 3389 ad

155 3422 291 3493 curaret,
313 3436 394 3499 quae
411 3415 524 3499 cuique
541 3414 659 3480 civitati
674 3435 748 3500 pars
767 3423 943 3481 castrorum
966 3417 1008 3484 ab
1026 3418 1086 3484 init

155 3518 293 3574 venerat.
957 3519 959 3522 ’

105 3621 139 3673 29
219 3601 352 3669 Postero
370 3603 421 3669 die
439 3603 570 3670 concilio
592 3613 763 3670 convocato
786 3605 969 3685 consolatus
992 3609 1086 3676 cohor

156 3717 217 3784 qne
235 3707 292 3776 est,
310 3720 350 3763 ne
369 3719 403 3764 se
420 3697 591 3764 admodum
608 3699 712 3764 animo
731 3699 945 3782 demitterent,
966 3726 1008 3769 ne
1025 3712 1086 3792 pert

154 3801 262 3858 rentur
277 3792 484 3858 incommodo.
519 3816 583 3860 non
600 3794 713 3859 virtute
730 3816 833 3878 neque
850 3795 884 3861 in
900 3797 972 3863 acie
989 3799 1086 3865 vicies:

105 3944 107 3949 ,
155 3908 280 3967 manos,
313 3888 370 3953 sed
396 3886 525 3953 artificio
551 3889 688 3974 quodam
714 3897 745 3953 et
771 3890 902 3956 scientia
929 3902 1086 3982 oppugnat

148 3981 242 4050 onius
268 3982 316 4050 rei
342 3981 464 4050 fuerint
485 3982 552 4070 ipsi
573 3983 722 4070 impetiti.
768 4004 886 4061 errare,
907 3984 1021 4070 siqui
1043 3990 1073 4054 in

141 4079 253 4147 omnis
280 4080 449 4151 secundos
471 4102 584 4148 rerum
602 4086 782 4169 prouentus
805 4084 1008 4159 emmonem.
1028 4080 1086 4144 tbi
