2528 4336
147 185 188 254 38
465 197 518 254 Dli
537 198 662 256 BELLO
683 195 851 256 (subuleo

146 325 262 412 gressi,
289 346 329 390 ex
349 323 418 391 loeo
442 323 653 410 superiorein
675 323 752 409 ipsis
774 322 911 388 fluminis
936 319 1014 408 ripis
1040 319 1163 408 proelia·

146 418 268 485 bantur.
313 429 345 485 at
362 419 435 487 totis
453 419 519 485 sere
537 441 556 484 a
572 417 674 484 fronte
693 428 723 482 et
741 416 781 483 ab
800 417 927 483 sinistra
943 424 1033 504 parte
1045 416 1160 481 nudatis

147 515 267 594 eastris,
286 537 358 579 eum
371 514 403 579 in
417 514 526 580 dextro
540 534 636 580 eomu
645 512 728 599 legio
742 512 929 578 duodecima
943 520 973 578 et
982 533 1046 577 non
1055 532 1159 598 magno
1195 584 1197 599 Ι

146 608 186 675 ab
209 632 247 675 ea
268 608 430 675 intervallo
453 609 587 695 septima
609 608 813 685 constitisset,
841 627 949 672 ornnes
966 605 1076 672 Nervii
1098 627 1160 672 eon·
1194 610 1197 688 j

146 704 317 769 fertissimo
335 704 460 791 agmine
478 704 559 770 duce
576 703 785 790 Boduognato
803 703 857 786 qui
875 725 1031 767 summam
1048 699 1160 788 imperii
1194 712 1197 781 j

146 797 285 876 tenebat,
304 797 345 862 ad
363 819 435 881 eum
451 797 555 863 locum
572 797 811 874 contenderunt;
830 817 962 879 quorum
975 819 1049 883 pars
1063 803 1159 883 aperto
1192 829 1197 881 ‘.

146 890 243 957 latere
259 891 399 977 legiones
417 891 650 970 circumvenire,
668 913 741 977 pars
760 912 918 956 summum
936 899 1108 956 castrorum
1124 890 1160 955 lo·
1192 898 1197 970 f

96 1008 130 1058 24
147 1009 220 1053 cum
236 995 342 1073 petere
360 987 471 1072 coepit.
499 987 609 1052 eodem
627 996 766 1072 tompore
785 985 905 1070 equites
917 985 1017 1050 nostri
1030 985 1159 1070 levisque
1192 998 1197 1003 ·

146 1090 320 1148 armaturae
338 1081 474 1167 pedites,
501 1081 555 1165 qui
573 1102 645 1146 eum
662 1081 703 1145 iis
721 1103 784 1145 una
805 1079 942 1159 fuerant,
969 1099 1049 1164 quos
1071 1078 1160 1165 primo

146 1176 286 1242 hostium
307 1176 426 1262 impetu
447 1175 556 1261 pulsos
579 1175 733 1252 dixeram,
763 1196 834 1237 eum
857 1196 891 1240 se
913 1175 947 1238 in
969 1183 1073 1240 castra
1094 1173 1161 1239 reci-

146 1283 268 1359 perent,
295 1272 435 1338 adversis
453 1270 595 1338 hostibus
619 1268 823 1336 occurrebant
845 1291 882 1334 ae
898 1292 1007 1335 rursus
1029 1270 1121 1335 aliam
1136 1268 1160 1332 in

146 1376 267 1453 partem
279 1366 390 1455 fugam
403 1365 559 1453 petebant,
579 1375 610 1431 et
623 1365 758 1443 calones,
777 1365 831 1449 qui
845 1363 885 1430 ab
900 1364 1075 1429 decumana
1082 1370 1161 1450 porta

147 1483 186 1527 ae
207 1484 330 1528 summo
351 1463 427 1548 iugo
454 1460 542 1527 collis
565 1469 690 1526 nostros
717 1460 851 1524 victores
878 1457 996 1523 flumen
1022 1458 1161 1523 transisse
1195 1473 1197 1476 ·

148 1565 387 1642 conspexerant,
410 1554 581 1641 praedandi
600 1576 696 1620 eausa
713 1553 846 1640 egressi,
870 1575 942 1616 eum
959 1552 1162 1638 respexissent
1191 1627 1197 1634 ἢ

148 1659 180 1714 et
197 1649 303 1715 hostes
325 1651 360 1712 in
380 1649 496 1715 nostris
520 1648 629 1714 eastris
652 1648 770 1714 versari
791 1647 958 1725 vidissent,
985 1646 1161 1732 praecipites
1189 1660 1197 1735 ζ

149 1743 244 1829 fugae
267 1764 337 1808 sese
358 1742 557 1809 mandabant.
602 1742 696 1808 simul
717 1764 839 1820 eorum,
867 1742 1016 1826 quicum
1042 1739 1162 1826 impedi·
1189 1753 1197 1823 ᾖ

149 1837 261 1902 mentis
283 1836 464 1917 veniebant,
492 1837 609 1903 elamor
629 1837 835 1920 fremitusque
861 1836 1031 1916 oriebatur,
1059 1836 1162 1920 aliique
1195 1849 1197 1854 '

149 1931 243 1997 alium
268 1931 302 1996 in
326 1941 446 2018 partem
473 1932 626 2018 perterriti
652 1930 841 1997 ferebantur.
886 1931 999 2015 quibus
1027 1929 1161 1996 omnibus

148 2025 243 2092 rebus
261 2026 394 2113 permoti
417 2027 537 2111 equites
556 2025 700 2104 lheveri,
728 2047 861 2110 quorum
883 2026 964 2090 iuter
983 2022 1095 2091 Gallos
1112 2025 1162 2089 vir·

149 2122 224 2187 tutis
246 2121 351 2207 opinio
374 2131 422 2186 est
444 2120 625 2208 singularis,
652 2120 707 2205 qui
733 2119 840 2185 auxilii
862 2142 958 2185 causa
984 2119 1023 2186 ab
1047 2120 1161 2185 civitate

149 2217 189 2282 ad
213 2215 383 2283 Caesarem
408 2216 498 2281 missi
523 2224 686 2293 venerant,
714 2236 786 2279 eum
812 2215 1009 2279 multitudine
1036 2213 1162 2280 hostium

148 2321 251 2376 eastra
267 2310 416 2397 compleri
433 2319 554 2388 nocua,
580 2310 721 2396 legiones
743 2310 844 2395 premi
866 2319 897 2374 et
918 2330 1017 2395 paene
1041 2310 1162 2374 eircum-

148 2413 258 2472 ventas
267 2406 374 2482 teneri,
393 2404 528 2483 calones,
547 2404 676 2488 equites,
696 2403 881 2481 funditores,
900 2402 1053 2470 Numidas
1072 2403 1162 2468 diver·

149 2520 201 2564 sos
220 2499 449 2583 dissipatosque
466 2499 500 2562 in
513 2519 621 2562 omnes
634 2508 739 2583 partes
753 2498 864 2585 fugere
881 2498 1043 2574 vidissent,
1063 2497 1163 2582 despe·

148 2591 223 2656 ratis
242 2592 355 2656 nostris
373 2591 468 2656 rebus
486 2590 614 2656 domum
632 2593 872 2671 contenderunt;
890 2591 1050 2656 Romanos
1065 2591 1161 2678 pulsos

150 2696 388 2794 superatosque,
416 2686 526 2751 eastris
548 2685 841 2771 impedimentisque
864 2709 971 2751 eorum
992 2686 1100 2752 hostes
1117 2705 1163 2771 pe

98 2797 132 2847 25
149 2779 222 2844 titos
240 2779 358 2844 civitati
379 2789 491 2844 renunt
491 2779 641 2844 inverunt.
621 2780 809 2848 thesar
826 2781 866 2847 ab
884 2782 1022 2846 decimae
1040 2778 1161 2868 legionis

149 2871 362 2938 cohortatione
380 2873 421 2938 ad
439 2873 513 2938 dext
501 2882 583 2938 trum
602 2896 697 2939 cornu
715 2877 885 2961 profectus,
904 2874 959 2941 ubi
977 2898 1051 2940 suos
1069 2869 1161 2962 urgeri

149 2967 309 3054 signisque
327 2969 361 3031 in
373 2989 470 3032 unum
483 2968 587 3033 locum
602 2968 721 3034 collatis
736 2970 940 3034 duodecimae
952 2969 1086 3055 legionis
1101 2990 1162 3033 oon·

148 3062 246 3127 sentos
259 3062 373 3127 milites
388 3061 448 3127 sibi
460 3061 547 3148 ipsos
563 3064 603 3128 ad
616 3086 756 3150 pugnam
769 3085 839 3129 esse
852 3063 1075 3148 impedimento
1085 3062 1162 3133 vidit,
1178 3126 1180 3131 ,

148 3165 277 3240 quartae
295 3156 431 3222 cohortis
449 3157 594 3223 omnibus
617 3157 850 3222 centurionibus
873 3158 985 3222 occisis
1009 3157 1164 3244 signifere

149 3271 209 3334 que
225 3250 398 3328 interfecto,
418 3252 509 3336 signo
527 3252 657 3330 amisso,
676 3253 865 3335 reliquarum
883 3251 1057 3316 cohortium
1075 3249 1165 3316 omni·

148 3343 208 3410 bus
230 3345 296 3410 sere
318 3344 550 3410 centurionibus
574 3355 627 3410 aut
649 3345 818 3411 vulneratis
842 3355 894 3410 aut
916 3345 1042 3422 occisis,
1070 3343 1166 3410 inhia

148 3439 304 3524 primipilo
325 3440 363 3504 P.
389 3438 498 3506 Sextio
520 3441 654 3519 Baculo,
677 3441 850 3507 fortissimo
872 3443 953 3519 viro,
976 3442 1084 3508 multis
1102 3465 1168 3529 gra·

148 3531 302 3616 vibusque
316 3533 496 3600 vulneribus
511 3534 662 3613 confecto,
681 3546 716 3600 ut
729 3537 792 3600 iam
805 3558 840 3600 se
855 3536 1009 3602 sustinere
1023 3560 1088 3602 non
1101 3559 1169 3647 pos·

148 3636 211 3705 set,
237 3627 373 3710 reliquos
402 3651 471 3694 esse
498 3629 646 3695 tardiores
675 3640 705 3694 et
731 3630 896 3695 nonnullos
925 3630 964 3697 ab
992 3630 1168 3696 novissimis

148 3721 272 3786 deserto
293 3722 411 3807 proelio
434 3723 584 3807 excedere
611 3733 682 3788 aet
669 3723 732 3787 telo
757 3725 869 3800 vitare,
897 3724 978 3789 host
957 3735 996 3789 trs
1024 3742 1169 3810 nequeo

147 3814 249 3880 fronte
267 3838 308 3881 ex
324 3817 469 3882 inferiore
486 3801 555 3883 loeo
574 3816 744 3883 subeuntes
762 3819 963 3884 intermittere
981 3829 1012 3885 et
1030 3819 1071 3886 ab
1088 3828 1170 3884 utro·

147 3931 210 3994 que
234 3910 330 3976 latere
356 3912 471 3977 instare
498 3923 528 3977 et
553 3935 620 3977 rem
646 3934 716 3978 esse
739 3912 772 3977 in
793 3922 928 4000 angusto
950 3913 1043 3993 vidit,
1070 3925 1173 3998 nequo

147 4003 247 4072 ullum
274 4028 343 4072 esse
366 4006 555 4087 subsidium,
583 4008 668 4092 quod
691 4008 844 4074 summitti
871 4017 992 4095 posset,
1019 4017 1109 4076 scuto
1130 4003 1173 4072 ab
