2414 4336
169 224 229 294 teo
480 240 533 296 nu
550 237 678 297 annno
698 236 869 297 canaroo

164 365 206 434 ab
222 363 317 433 latere
334 364 448 435 nostris
467 374 584 452 aperto,
602 385 682 450 quos
700 362 821 432 Caesar
837 361 878 432 ab
897 364 1008 433 dextra
1022 374 1123 453 pate

165 481 299 529 ascensu
314 481 427 527 manus
444 457 639 526 distinendae
656 481 753 526 causa
768 459 907 528 miserat
937 459 973 527 hi
989 460 1119 528 simili-o·
1179 423 1207 494 Ι

165 577 322 624 armorum
346 553 548 622 vehementer
571 565 695 621 nostros
720 563 1036 642 perterruerunt,ac
1078 588 1121 612 ι
1202 593 1207 617 ι

165 649 282 718 dextris
298 647 437 716 humeris
455 648 586 716 exsertis
603 647 946 730 animadvertebantur,
963 649 1126 737 quod'i'
1061 673 1127 716 mna
1122 515 1207 797 ε

164 756 311 835 pacatum
324 767 395 812 esse
408 754 581 824 consuerat,
600 755 705 812 tamen
719 745 775 812 id
765 769 871 834 rpsum
884 771 937 814 sur
924 747 1133 815 ἰιιιιιειιιιι

165 840 245 908 milit
233 852 279 908 tes
297 839 337 907 ab
354 840 499 907 hostibus
516 840 635 906 factum
653 841 884 909 existimabant
920 844 1094 910 ιοιιιιιιιιι

165 936 286 1003 Lucius
309 933 427 1001 Fabius
450 935 589 1000 centurio
611 935 727 1021 quique
753 960 816 1003 una
837 959 963 1004 murum
986 937 1116 1006 ascend

166 1028 368 1097 circumventi
385 1039 479 1113 atque
496 1027 650 1096 interfecti
667 1052 757 1097 muro
773 1033 1095 1119 praecipitanturm

165 1123 344 1208 Petronius,
363 1123 504 1190 eiusdem
518 1122 649 1210 legionis
663 1126 813 1204 centurio,
832 1148 905 1192 cum
922 1136 1029 1214 portas
1046 1127 1121 1193 ειιί

166 1227 296 1286 conatus
313 1227 411 1298 esset,
437 1242 458 1285 a
474 1217 671 1285 multitudiue
688 1242 862 1330 oppressus
880 1243 919 1288 ac
937 1222 1000 1289 sibi
1019 1223 1103 1289 de:

166 1313 302 1380 multis
292 1336 357 1379 ram
376 1266 557 1380 vdlneribus
579 1313 729 1401 abneptis,
755 1315 1004 1403 manipularibus
1029 1316 1121 1394 suis,

166 1408 254 1476 illum
272 1408 371 1476 secuti
388 1417 489 1487 erant,
513 1410 688 1494 ‘quoniam,
689 1408 833 1495 ’inquit,
858 1415 923 1477 ‘me
944 1433 1010 1478 una
1025 1410 1127 1478 vobo

167 1526 291 1570 servare
308 1525 373 1570 non
392 1524 538 1589 possum,
564 1512 688 1570 vestrae
709 1504 837 1590 quidem
859 1514 942 1571 certe
964 1507 1106 1572 vitas
1065 1527 1130 1590 p

166 1599 262 1676 ciam,
288 1619 368 1682 quos
391 1596 559 1683 eupiditate
581 1596 698 1684 gloriae
719 1599 905 1665 adductus
894 1623 929 1665 m
945 1599 1193 1749 perieulum

166 1691 251 1758 duxi.
277 1712 335 1756 vos
354 1691 427 1757 data
443 1689 591 1757 facultate
609 1689 700 1757 vobis
718 1690 889 1759 consulite?
915 1693 1079 1760 ιίιιιιιιι
1023 1717 1088 1759 mu

166 1783 292 1851 hostis
282 1785 392 1869 1rrupit
409 1783 595 1870 duobusque
616 1773 787 1851 interfectis
808 1786 946 1872 reliquos
965 1810 986 1853 a
1001 1797 1151 1874 porta

165 1878 230 1946 lum
249 1878 426 1944 summovit
461 1879 646 1946 conantibus
663 1879 805 1946 auxiliari
817 1881 892 1960 suis,
913 1882 1130 1962 ἰιιιιιιιι,’“ιιι

167 1981 269 2040 ‘meae
286 1973 368 2039 vitae
387 1971 552 2040 subvenire
569 1975 734 2053 conamini,
753 1997 846 2060 quem
863 1977 928 2042 iam
946 1977 1144 2127 sunguisi'·¹

166 2091 227 2154 que
254 2067 414 2134 deficiunt:
388 2069 663 2155 tproindet
598 2068 695 2148 abit,e
722 2069 798 2135 dum
824 2079 872 2137 est
894 2071 1101 2151 facultas,

167 2163 208 2230 ad
232 2162 388 2251 legionem
413 2162 559 2249 recipite?
606 2164 650 2230 ita
679 2185 824 2251 pugnans
853 2173 927 2251 post
955 2102 1168 2252 panlbm

116 2277 147 2327 st
166 2258 241 2324 cidit
228 2268 296 2324 tac
314 2257 379 2323 suis
399 2257 492 2324 saluti
510 2257 579 2325 fuit.
557 2260 736 2337 tnostri,
759 2281 832 2325 cum
853 2259 993 2344 undique
1013 2276 1207 2361 premerem

167 2363 230 2432 tur,
253 2351 374 2418 XLVI
391 2353 623 2419 centurionibus
647 2353 773 2420 amissis
791 2353 902 2420 deiecti
920 2365 994 2420 sunt
1010 2354 1090 2422 loco
1127 2326 1207 2421 sat

167 2446 382 2512 intolerantius
406 2445 516 2514 Gallos
536 2447 738 2532 insequentes
764 2447 847 2534 legio
874 2445 912 2512 X
933 2448 1094 2528 tardavit,
1108 2466 1173 2534 qma

166 2563 223 2627 pro
241 2540 382 2608 subsidio
399 2542 494 2628 paulo
512 2543 657 2627 aequiore
675 2543 744 2610 loco
763 2540 951 2608 constiterat
983 2541 1068 2611 hanc
1083 2548 1175 2610 rursus

166 2635 256 2702 XIII
273 2636 405 2725 legionis
424 2637 566 2705 cohortes
584 2646 786 2724 exceperunt,
805 2659 886 2724 quae
903 2659 944 2703 ex
962 2639 1076 2706 eastris
1093 2638 1176 2707 miuo-

166 2729 254 2796 ribus
272 2731 402 2797 eductae
420 2752 492 2797 oum
509 2732 582 2798 Tito
602 2730 712 2799 Sextio
729 2732 834 2819 legato
850 2731 955 2798 locum
973 2743 1122 2820 ceperant
1135 2752 1179 2800 su·

166 2823 329 2911 perIorem.
363 2824 513 2912 legiones,
531 2826 586 2893 ubi
603 2827 739 2913 primum
755 2826 924 2913 planiciem
940 2826 1126 2916 attigerunt,
1140 2828 1180 2894 in·

166 2917 256 2985 festis
275 2928 382 2984 contra
399 2918 504 2984 hostes
523 2920 621 3007 signis
640 2921 853 2987 constiteumt
892 2918 1135 3011 Vercingetorix
1147 2919 1181 2988 sb

167 3013 323 3081 radicibus
350 3012 437 3080 collis
463 3036 538 3080 suos
564 3015 645 3081 intra
674 3014 863 3082 munitiones
892 3015 1029 3084 reduxit.
1080 3039 1118 3083 eo
1140 3014 1184 3082 dis

118 3127 151 3176 aa
170 3108 282 3174 milites
300 3118 374 3174 sunt
389 3107 484 3195 paulo
505 3109 609 3176 minus
632 3110 821 3198 septingenti
843 3109 1023 3177 desiderati.
1068 3119 1184 3199 posteo

168 3203 219 3268 die
238 3201 357 3269 Caesar
373 3204 516 3270 contione
533 3204 686 3270 advocata
703 3205 908 3271 temeritatem
926 3204 1185 3292 cupiditatemque

168 3296 300 3362 militum
317 3297 522 3385 reprehendit,
541 3299 625 3384 quod
644 3299 704 3365 sibi
720 3300 782 3386 ipsi
793 3298 1030 3380 iudicavissent,
1048 3321 1113 3386 quo
1124 3321 1185 3388 pro·

168 3390 342 3457 cedendum
360 3401 414 3458 aut
431 3394 507 3477 quid
524 3393 683 3481 agendum
700 3393 866 3472 videretur,
884 3415 988 3478 neque
1005 3395 1102 3482 signo
1117 3392 1185 3461 resi·

167 3485 274 3572 piendi
290 3486 364 3552 dato
381 3489 592 3554 constitissent
614 3509 717 3573 neque
740 3487 780 3554 ab
803 3487 935 3554 tribunis
953 3487 1093 3555 militum
1109 3489 1185 3577 lege

168 3581 269 3666 tisque
294 3581 420 3648 retineri
444 3585 628 3669 potuissent.
673 3582 831 3668 exposuit,
858 3583 934 3667 quid
960 3581 1112 3668 iniquitas
1133 3579 1185 3650 looi

168 3684 288 3763 posset,
315 3676 392 3760 quid
408 3678 475 3763 ipse
492 3678 533 3743 ad
550 3677 724 3745 Avaricum
742 3677 907 3755 sensisset,
934 3697 1007 3741 oum
1025 3679 1097 3744 sine
1114 3678 1184 3744 duee

168 3780 199 3835 et
217 3771 284 3836 sine
297 3771 436 3856 equitatu
448 3772 650 3857 deprehensis
663 3769 806 3840 hostibus
821 3770 1016 3858 exploratam
1029 3772 1182 3842 victoriam

168 3862 353 3943 dimisisset,
379 3887 420 3931 ne
436 3887 568 3952 parvum
589 3868 683 3933 modo
701 3864 948 3932 detrimentum
936 3887 972 3930 m
993 3866 1183 3935 contentione

159 3968 293 4045 propter
312 3959 511 4046 iniquitatem
529 3961 596 4028 loci
616 3961 782 4028 accideret.
822 3968 939 4041 quanto
961 3981 1060 4045 opere
1085 3982 1182 4030 eorum

152 4052 255 4123 animi
279 4057 547 4146 magnitudinem
571 4057 801 4129 admhaselut,
832 4071 916 4134 quos
941 4071 1013 4114 uon
1037 4061 1202 4116 emulum

1157 1322 1207 1703 *affl
1152 774 1207 1340 lssfflff

1192 2112 1207 2280 -μ-Ᾰ
1172 1715 1207 2092 *nun-A-
