2528 4336
447 112 564 173 ΟΟΜΜ.
582 115 648 173 VII.
665 112 788 172 37-40.
892 134 899 144 ‘
1065 99 1126 169 131

131 262 155 295 r·
166 237 304 305 rederix
319 246 352 303 et
368 236 594 318 Viridomarus,
613 239 786 305 insimulati
802 239 986 325 proditionis
1004 238 1044 306 ab
1062 239 1128 306 Ro·

43 329 87 356 ’
148 363 201 390 a:
220 332 341 399 indicta
358 354 453 399 causa
468 334 623 400 interfecti
641 344 723 400 sunt.
759 335 838 400 haec
854 334 894 400 ab
916 335 993 421 ipsis
1012 356 1128 423 cogno-

43 468 47 493 ,
63 445 80 519 t·
135 458 177 485 ,ιι
208 426 265 512 qui
282 449 323 493 ex
337 425 408 513 ipse
420 428 516 494 caede
529 427 691 516 fugerunt:
710 451 784 494 uam
799 450 858 515 ego
871 427 1019 494 lintribus
1033 438 1127 513 atque

43 526 49 548 ¹
65 547 74 559 ·
121 554 168 578 *cn
177 522 186 538 '
196 544 254 587 ·us
263 522 343 588 meis
354 522 536 609 propinquis
549 523 720 590 interfectis
734 523 840 590 dolore
852 523 1028 610 prohibeor,
1046 544 1127 608 quae

56 649 59 659 =
180 648 184 671 ε
210 625 300 694 sunt,
324 616 544 703 pronuntiare?
587 619 801 703 producuntur
821 617 858 698 ii,
886 640 965 703 quos
983 617 1035 683 ille
1053 617 1128 683 edo·

62 741 65 748 ¹
118 745 163 770 aa
183 721 226 792 t,
252 733 333 797 quae
359 711 422 779 dici
446 712 553 791 vellet,
586 724 679 797 etque
705 716 829 794 eadem,
857 737 937 799 quae
963 713 1127 787 Litavicus

43 812 66 893 ῗ.
106 805 369 897 pronuntiaverat,
404 807 593 873 multitudini
617 818 790 894 exponunt:
830 810 950 895 equites
976 808 1128 875 Haeduo-

47 919 53 927 “
125 933 162 959 mo
186 900 384 982 interfectos,
408 902 494 988 quod
514 901 658 968 collocuti
680 925 753 968 cum
768 902 921 970 Arvernis
939 903 1127 982 dicerentur3

43 1004 50 1043 l
103 996 189 1085 ipsos
210 1017 249 1061 se
270 995 350 1063 inter
370 995 601 1062 multitudinem
623 997 757 1062 militnm
778 999 951 1065 occultasse
973 1008 1067 1082 atque
1089 1019 1129 1062 ex

44 1170 47 1179 Ι
102 1090 207 1161 media
225 1090 321 1157 caede
337 1090 526 1179 profugisse.
554 1091 749 1157 conclamant
761 1090 890 1158 Haedui
903 1102 934 1159 et
947 1092 1128 1159 Litavicum

43 1210 46 1215 ·
103 1184 281 1263 obsecrant,
300 1194 336 1250 ut
353 1183 414 1252 sibi
432 1185 584 1252 consulat.
612 1187 718 1271 ‘quasi
729 1187 824 1264 vero,’
841 1186 942 1272 inquit
957 1187 1020 1266 ille,
1040 1192 1128 1254 ‘con-

91 1280 164 1347 ruti
181 1280 225 1345 sit
241 1301 309 1359 res,
329 1301 367 1345 eo
383 1301 447 1345 non
463 1301 593 1346 necesse
616 1281 656 1347 sit
676 1280 767 1347 nobis
787 1278 980 1368 Gergoviam
1001 1291 1127 1348 conten-

102 1375 175 1461 dere
192 1382 227 1441 et
244 1395 317 1439 cum
332 1373 485 1440 Arvernis
503 1385 627 1440 uosmet
644 1375 841 1462 coniungere.
878 1399 919 1440 an
935 1374 1126 1454 dubitamus,

45 1491 46 1496 ¹
102 1470 179 1554 quin
198 1467 321 1535 nefario
342 1468 482 1535 facinore
503 1468 641 1536 admisso
658 1470 795 1536 Romani
816 1470 879 1536 iam
896 1471 938 1536 ad
958 1492 1015 1535 nos
1033 1470 1128 1537 inter-

102 1563 253 1631 ficiendos
271 1563 475 1630 concurrant?
494 1562 639 1650 proinde,
658 1564 686 1630 si
703 1563 778 1649 quid
795 1564 829 1628 in
845 1562 936 1630 nobis
954 1562 1050 1629 animi
1068 1573 1126 1643 est,

101 1680 328 1746 persequemur
344 1680 452 1725 eorum
469 1669 617 1736 mortem,
639 1658 694 1743 qui
711 1659 928 1746 indignissime
945 1658 1127 1724 interierunt

103 1762 197 1838 atque
215 1752 274 1819 hos
290 1751 429 1820 latrones
441 1751 685 1819 interficiamus?
710 1755 845 1820 ostendit
859 1754 943 1820 cives
955 1752 1126 1831 Romanos,

102 1850 157 1935 qui
177 1849 248 1917 eius
269 1849 417 1935 praesidii
437 1848 553 1916 fiducia
573 1871 636 1915 una
658 1858 760 1916 erant:
786 1873 937 1937 magnum
961 1871 1127 1915 numerum

103 1942 252 2009 frumenti
269 1952 524 2029 commeatusque
543 1943 662 2031 diripit,
680 1943 767 2032 ipsos
786 1944 952 2010 crudeliter
968 1943 1126 2010 excrucia-

102 2046 152 2105 tos
171 2036 336 2103 interficit:
363 2037 491 2107 nuntios
516 2048 583 2105 tota
608 2039 732 2105 civitate
758 2039 964 2105 Haeduorum
991 2037 1125 2116 dimittit,

104 2132 215 2199 eodem
226 2132 391 2199 mendacio
404 2133 443 2198 de
457 2133 553 2198 caede
566 2134 706 2218 equitum
720 2142 751 2197 et
762 2132 939 2218 principum
951 2142 1127 2219 permovet3

103 2225 253 2305 hortatur,
271 2235 307 2292 ut
324 2226 418 2292 simili
434 2227 563 2305 ratione,
583 2236 676 2312 atque
689 2227 758 2313 ipse
775 2226 894 2304 fecerit,
913 2248 987 2291 suas
999 2224 1128 2291 iniurias

103 2331 340 2409 persequantur.
386 2320 583 2408 Eporedorix
603 2321 773 2400 Haeduus,
801 2341 924 2387 summo
945 2318 1014 2386 loco
1036 2328 1128 2385 natus
1146 2339 1178 2389 39

104 2414 288 2483 adulescens
306 2424 337 2481 et
359 2438 500 2481 summae
522 2417 608 2482 domi
624 2416 796 2502 potentiae,
819 2425 849 2481 et
871 2437 934 2480 una
951 2412 1129 2480 Viridoma-

103 2533 164 2588 rus,
184 2510 252 2595 pari
269 2518 371 2575 aetate
385 2518 416 2573 et
427 2510 537 2596 gratia,
559 2511 615 2576 sed
627 2532 742 2597 genere
755 2509 881 2597 dispari,
900 2531 995 2594 quem
1009 2507 1129 2575 Caesar

104 2602 142 2670 ab
162 2602 323 2669 Divitiaoo
351 2603 412 2670 sibi
437 2605 584 2670 traditum
611 2627 650 2671 ex
675 2604 786 2671 humili
811 2605 880 2670 looo
910 2605 950 2670 ad
973 2626 1128 2670 summam

103 2699 287 2786 dignitatem
312 2699 513 2786 perduxerat,
539 2700 573 2764 in
600 2701 739 2786 equitum
765 2721 894 2767 numero
920 2707 1130 2765 convenerant

103 2793 287 2860 nominatim
304 2792 344 2859 ab
363 2815 401 2859 eo
419 2794 549 2860 evocati.
592 2795 641 2860 his
660 2806 726 2862 erat
742 2796 823 2861 inter
840 2817 875 2862 se
892 2795 932 2860 de
953 2794 1129 2881 principatu

104 2888 273 2967 contentio,
302 2889 383 2954 etin
403 2889 458 2954 illa
478 2888 718 2976 magistratuum
741 2891 951 2957 controversia
973 2889 1050 2955 alter
1070 2909 1128 2975 pro

103 2982 356 3062 Convictolitavi,
375 2982 453 3049 alter
465 3004 522 3070 pro
537 2983 618 3050 Coto
633 2986 762 3052 summis
777 2985 889 3071 opibus
902 2991 1127 3070 pugnaverant.

43 3086 45 3091 '
101 3101 142 3145 ex
167 3077 218 3143 his
238 3076 436 3164 Eporedorix
462 3079 587 3166 cognito
613 3080 750 3146 Litavici
776 3079 906 3145 consilio
932 3073 1036 3142 media
1061 3075 1128 3142 fere

99 3182 194 3241 nocte
210 3172 336 3238 remed
351 3172 521 3239 Caesarem
539 3174 654 3253 defert3
672 3184 747 3252 orat,
765 3196 805 3239 ne
818 3173 953 3259 patiatur
970 3170 1127 3236 civitatem

98 3267 208 3355 pravis
226 3266 473 3333 adulescentium
491 3267 628 3334 consiliis
651 3267 691 3334 ab
710 3266 846 3332 amicitia
866 3264 975 3350 populi
992 3263 1127 3329 Romani

100 3362 251 3440 deficere3
269 3362 354 3446 quod
371 3362 512 3428 futurum
529 3364 701 3449 provideat,
720 3361 748 3426 si
762 3382 795 3425 se
808 3367 855 3425 tot
866 3358 1028 3423 hominum
1042 3357 1128 3423 milia

100 3480 176 3524 cum
197 3456 341 3523 hostibus
364 3459 592 3538 coniunxerint,
620 3480 752 3543 quorum
776 3454 911 3520 salutem
932 3475 1034 3538 neque
1055 3475 1127 3538 pro-

99 3553 213 3640 pinqui
233 3551 414 3638 neglegere,
441 3575 543 3637 neque
565 3553 676 3618 civitas
698 3550 761 3617 levi
782 3557 941 3615 momento
962 3547 1127 3614 aestimare

100 3656 220 3735 posset
265 3669 380 3732 magna
401 3645 533 3713 affectus
556 3646 763 3713 sollicitudine
785 3644 846 3710 hoc
867 3642 976 3708 nuntio
996 3640 1124 3719 Caesar,
1142 3661 1175 3709 40

100 3741 189 3828 quod
214 3762 338 3826 semper
364 3739 571 3807 Haeduorum
601 3741 718 3807 civitati
748 3739 914 3828 praecipue
944 3734 1125 3814 indulserat,

99 3834 190 3903 nulla
209 3834 393 3922 interposita
414 3834 606 3902 dubitatione
627 3835 768 3923 legiones
796 3832 957 3920 expeditas
979 3839 1126 3917 quattuor
1209 3880 1212 3886 .

99 3929 339 4019 equitatumque
356 3951 482 3999 omnem
500 3953 539 3997 ex
563 3931 673 4000 castris
696 3929 812 4010 educit,
835 3948 893 3994 nec
911 3925 972 4085 ipit
990 3926 1126 4014 spatium

942 4029 955 4058 ·
