2414 4336
378 285 496 345 COMM.
512 286 579 346 VII.
596 287 716 343 sa-aa.
996 275 1059 342 145

93 430 172 507 ¹per
191 421 328 477 aetatem
349 433 435 478 arma
459 411 541 476 serre
566 411 701 497 possint,
728 410 769 476 ad
790 409 908 477 bellum
930 425 1058 501 cogant,

96 500 143 570 'ln
158 505 231 572 illos
248 505 360 572 merita
374 505 520 595 proponit
537 503 784 591 obtestaturque,
801 514 838 571 ut
855 527 930 572 suae
949 505 1057 574 salutis

104 605 187 673 sem
211 598 349 666 habeant
371 622 436 667 neu
462 622 496 667 se
521 599 561 666 de
588 599 746 667 communi
774 598 916 667 libertate
942 601 1058 688 optime

152 704 156 713 '
219 694 364 762 hostibus
385 696 419 761 in
441 693 614 762 cruciatum
636 694 760 761 dedant.
805 696 890 781 quod
911 695 940 762 si
955 695 1059 762 indili-

174 813 191 857 s
215 788 347 869 fuerint,
377 789 463 856 milia
488 788 651 856 hominum
681 789 802 856 delecta
826 789 969 857 LXXX
994 814 1058 859 una

157 883 322 950 interitura
338 884 539 951 demonstrat.
578 882 698 950 ratione
714 883 792 949 inita
809 905 844 950 se
861 885 975 974 exigue
993 886 1059 952 die·

106 976 233 1075 sm
254 978 369 1047 habere
390 979 597 1059 frumentum,
623 980 680 1047 sed
700 979 795 1067 paulo
818 981 912 1047 etiam
932 981 1057 1070 longius

143 1076 153 1093 ⁰
181 1094 277 1163 posse
297 1074 465 1163 parcendo.
507 1074 557 1142 lris
584 1075 665 1140 datis
691 1073 861 1155 mandatis,
888 1098 952 1160 qua
977 1098 1057 1164 opus

75 1228 80 1235 .
114 1165 338 1250 intermissum,
357 1170 495 1237 secunda
511 1167 620 1257 vig'lia
633 1169 755 1236 silentio
769 1169 942 1254 equitatum
953 1171 1056 1237 mittit.

99 1328 102 1333 .
131 1274 228 1334 ntum
245 1286 337 1331 omne
354 1262 396 1332 ed
413 1287 448 1332 se
468 1264 577 1331 referri
594 1261 694 1342 iubet3
721 1264 831 1351 capitis
852 1285 987 1351 poenam
1007 1265 1057 1346 iis,

75 1358 176 1427 finon
201 1359 374 1446 paruerint,
400 1357 578 1427 constituit:
604 1378 716 1445 pecus,
743 1357 831 1424 euius
854 1381 970 1447 magua
991 1369 1057 1425 erat

152 1451 197 1520 ab
222 1451 407 1520 Mandubiis
438 1451 615 1540 compulsa,
644 1452 761 1518 viritim
787 1451 957 1534 distribuit3
991 1452 1057 1520 fiu-

82 1612 92 1641 Ὶ
171 1569 285 1635 ‘parce
303 1558 334 1614 et
350 1545 501 1634 paulatim
518 1546 620 1613 metiri
637 1545 784 1627 instituit3
811 1547 917 1636 copias
935 1555 1055 1628 omnes,

75 1624 187 1732 bpro
205 1642 323 1730 oppido
340 1641 555 1722 collocaverat,
573 1640 606 1707 in
623 1640 773 1729 oppidum
790 1641 909 1730 recipit
939 1642 990 1708 his
1007 1667 1057 1710 ra·

75 1724 171 1807 ”ubas
203 1736 320 1803 auxilia
351 1732 473 1804 Galliae
504 1745 685 1823 exspectare
716 1746 747 1803 et
777 1734 896 1803 bellum
925 1736 1057 1804 admini-

75 1842 126 1901 tte
143 1840 248 1919 parat

75 1918 224 2021 J‘Quibus
240 1923 335 1992 rebus
353 1924 486 2014 cognitis
508 1947 549 1991 ex
568 1925 709 2013 perfirgis
732 1935 763 1992 et
785 1926 917 2014 captivis
936 1926 1106 1997 Caesarue

75 2024 106 2089 b
123 2040 245 2110 genera
260 2018 442 2087 munitionis
459 2019 602 2085 instituit
646 2019 766 2086 fossam
782 2019 901 2107 pedum
917 2019 992 2086 XX
1009 2021 1056 2086 di-

75 2102 123 2183 ,tls
151 2110 303 2181 lateribus
329 2113 432 2193 duxit,
458 2122 494 2180 ut
520 2112 587 2180 eius
613 2113 719 2180 fossae
745 2114 848 2180 solum
872 2114 1056 2180 tantundem

75 2200 166 2377 tet,
189 2217 341 2294 quantum
359 2226 481 2275 summa
498 2207 586 2275 labra
607 2207 771 2287 distarent3
792 2207 929 2294 reliquas
946 2229 1054 2275 omnes

97 2298 221 2370 ¹’tiones
239 2299 280 2369 ab
297 2325 336 2369 ea
351 2300 440 2369 fossa
455 2301 552 2390 pedes
569 2300 690 2369 0000
708 2301 840 2382 reduxit,
858 2302 893 2367 id
908 2302 971 2369 hoc
984 2324 1057 2370 con-

75 2382 114 2478 b,
131 2395 281 2484 quoniam
293 2405 414 2463 tantum
428 2405 512 2463 esset
524 2397 701 2464 necessario
715 2397 850 2484 spatium
864 2397 1055 2484 complexus,

75 2474 201 2587 ''⁴ftacils
216 2500 317 2557 totum
334 2512 448 2579 corpus
466 2513 581 2558 corona
598 2491 732 2557 militum
749 2490 942 2579 cingeretur,
960 2514 1000 2559 ne
1017 2492 1057 2558 de

133 2585 203 2654 'viso
220 2594 274 2652 aut
290 2595 386 2652 noctu
403 2586 444 2652 ad
460 2586 649 2653 munitiones
665 2586 805 2653 hostium
818 2586 984 2654 multitudo
1002 2587 1058 2654 ad-

138 2689 165 2762 t,
183 2690 239 2747 aut
255 2679 390 2747 interdiu
407 2680 470 2746 tela
486 2681 520 2746 in
536 2690 661 2748 nostros
679 2681 766 2769 operi
784 2680 954 2748 destinatos
972 2682 1057 2749 coni-

115 2784 255 2864 possent.
280 2774 342 2841 hoo
353 2775 531 2841 intermisso
546 2775 648 2862 spatio
665 2775 744 2841 duas
758 2775 863 2843 fossas
878 2775 948 2843 XV
959 2776 1056 2864 pedes

86 2944 89 2949 ,
127 2868 241 2936 eadem
258 2867 419 2935 altitudine
437 2869 598 2956 perduxit:
617 2891 749 2954 quarum
766 2871 955 2950 interiorem,
974 2895 1058 2938 cam-

93 3044 97 3055 ·
116 2960 190 3032 'bus
208 2984 246 3028 ac
262 2962 407 3029 demissis
420 2962 507 3042 locis,
527 2984 609 3049 aqua
622 2984 662 3029 ex
674 2962 803 3032 flumine
816 2965 956 3031 derivata
973 2987 1058 3031 oom-

113 3066 136 3126 t.
163 3065 238 3145 post
255 3079 309 3124 eas
327 3079 475 3146 aggerem
492 3057 661 3123 cavallum
674 3056 747 3125 XII
759 3060 876 3146 pedum
889 3057 1056 3137 exstruxit3

75 3126 253 3219 bloricsm
272 3152 447 3238 pinnasque
470 3151 583 3218 adiecit
605 3152 778 3240 grandibus
801 3152 902 3219 cervis
920 3151 1058 3218 emiuen-

75 3252 114 3314 fls
131 3245 176 3313 ad
193 3246 414 3312 commissuras
433 3245 610 3331 pluteorum
622 3258 716 3333 atque
730 3247 865 3335 aggeris,
884 3245 938 3330 qui
950 3267 1059 3312 ascen·

75 3340 260 3409 uhostium
276 3340 449 3420 tardarent,
473 3349 505 3406 et
522 3352 623 3408 turres
641 3351 707 3408 toto
729 3363 823 3429 opere
845 3339 1058 3420 circumdedit,

75 3446 113 3504 te
128 3435 229 3524 pedes
246 3433 390 3502 LXXX
406 3435 488 3502 inter
511 3458 545 3502 se
565 3436 725 3502 distarent.
769 3443 836 3501 erat
852 3434 963 3501 eodem
981 3445 1060 3501 tem·
1077 3455 1109 3504 ⁷³

75 3541 107 3598 te
124 3539 157 3596 et
178 3528 336 3596 materiari
358 3538 389 3595 et
409 3528 593 3596 frumentari
610 3539 641 3595 et
663 3538 765 3594 tantm
787 3528 975 3595 munitiones
992 3528 1059 3595 fieri

75 3639 164 3694 cesse
181 3623 350 3691 deminutis
368 3622 483 3690 nostris
501 3623 615 3711 copiis,
643 3644 724 3710 quae
745 3621 872 3711 longius
889 3622 930 3691 ab
948 3623 1058 3690 castris

75 3718 326 3811 tgrediebantur3
344 3739 381 3784 aa
397 3740 634 3802 nonnumquam
651 3739 747 3804 opera
763 3730 871 3784 nostra
889 3714 974 3784 Galli
991 3725 1060 3783 ten·

75 3834 98 3881 e
120 3823 216 3899 atque
237 3811 432 3899 eruptionem
453 3834 494 3877 ex
515 3811 631 3899 oppido
652 3809 794 3898 pluribus
815 3811 914 3898 portis
936 3833 1059 3877 summa
1195 3891 1197 3894 Α

79 3902 188 3976 lacere
205 3903 407 3974 conabantur.
427 3927 535 3992 ¹quare
552 3905 593 3971 ad
609 3904 688 3971 haec
704 3922 813 3972 rursm
830 3926 926 3991 opera
943 3904 1059 3971 adden·
1098 3971 1099 3974 ,

75 4018 109 4068 m
128 4001 250 4070 Cacsar
265 3999 400 4087 putavit,
427 4022 490 4086 quo
511 3999 630 4066 minore
651 4021 781 4066 numero
802 3998 936 4065 militum
957 3999 1059 4066 muni-

75 4118 133 4163 ues
152 4092 280 4161 delendi
294 4101 434 4185 possent
468 4093 574 4180 itaque
591 4094 708 4161 ulmeis
726 4088 872 4172 arborum
889 4093 1058 4164 admodum

80 4196 151 4240 aaa
164 4195 252 4240 caso.
861 4193 902 4254 qq
