2414 4336
238 238 282 306 30
410 267 412 270 >
556 249 610 307 nn
627 249 755 307 annno
774 247 943 308 annmco

238 372 420 461 Gallosque,
439 375 494 461 qui
506 374 626 443 ealooa
638 375 818 453 incolerent,
837 376 1006 463 expulisse,
1025 375 1167 464 solosque
1205 438 1207 479 ι

236 471 292 557 qui
307 480 433 559 patrum
449 479 626 537 nostrorum
642 470 794 538 memoria
815 470 902 537 omni
919 468 1026 538 Gallia
1047 481 1159 539 vexata
1206 551 1207 558 ἵ

236 575 326 633 tonos
350 564 560 650 Cimbrosque
581 566 663 632 intra
683 565 762 632 fines
785 588 859 632 suos
885 565 1009 654 ingredi
1034 567 1173 655 prohibu

236 683 300 748 qua
321 683 412 727 exre
429 661 510 740 fieri,
537 661 583 726 uti
605 683 713 726 earum
733 682 838 727 rerum
859 661 1010 727 memoria
1030 685 1077 727 m2
1092 694 1102 743 3
1118 696 1123 719 ·
1137 695 1140 718 :
1155 696 1178 720 a

235 756 452 822 auctoritatem
473 777 667 844 magnosque
690 755 817 842 spiritus
838 755 872 820 in
892 777 927 820 re
944 755 1074 822 militari
1095 779 1172 822 suav

236 850 277 916 de
293 871 424 916 numero
442 871 551 916 eorum
572 849 678 915 omnia
698 872 733 915 se
750 848 866 916 habere
888 850 1052 936 explorata
1068 850 1161 918 Remi

223 944 322 1024 ‘bant
340 953 505 1033 propterea
513 945 598 1029 quod
610 943 892 1032 propinquitatibus
905 944 1148 1032 affinitatibusq
1162 979 1172 1001 ·-

236 1039 347 1118 iuncti,
373 1048 523 1125 quantam
544 1039 677 1123 quisque
698 1038 929 1105 multitudinem
949 1039 983 1104 in
1006 1040 1166 1106 communi

237 1157 349 1222 garum
373 1133 506 1199 concilio
532 1133 628 1199 adid
648 1131 767 1199 bellum
787 1132 943 1219 pollicitus
966 1134 1021 1213 sit,
1049 1156 1175 1223 cogno

235 1228 405 1315 plurimum
422 1229 503 1294 inter
520 1251 574 1294 eos
591 1227 778 1295 Bellovacos
796 1239 828 1295 et
844 1229 958 1295 virtute
976 1239 1007 1295 et
1028 1231 1175 1298 auctori

235 1323 397 1390 hominum
425 1345 556 1389 numero
585 1323 703 1389 valere:
737 1323 796 1390 hos
825 1345 920 1409 posse
955 1325 1111 1392 conficere
1150 1358 1173 1382 ³·
1202 1295 1207 1433 ξ

235 1418 322 1484 milia
338 1427 477 1484 centnm:
503 1417 657 1504 pollicitos
675 1439 716 1484 ex
733 1439 770 1483 eo
787 1439 918 1485 numero
940 1418 1040 1486 electo
1057 1419 1141 1500 LX,
1169 1454 1173 1472 ι
1201 1473 1207 1527 Ι

237 1511 311 1578 belli
327 1512 494 1598 imperium
511 1511 571 1578 sibi
588 1511 756 1598 postulare.
801 1508 991 1579 Suessiones
1010 1535 1089 1580 suos
1107 1535 1175 1581 esso·
1200 1543 1205 1578 ε

236 1607 344 1685 timos3
364 1605 534 1673 latissimos
556 1606 829 1690 feracissimosque
846 1627 940 1694 agros
962 1607 1136 1693 possidere.
1205 1603 1207 1656 Ι

236 1723 290 1766 eos
308 1700 407 1766 fuisse
424 1722 533 1786 regem
550 1709 657 1764 nostra
674 1700 768 1766 etiam
780 1700 931 1765 memoria
942 1699 1149 1782 Divitiacum,
1197 1727 1207 1813 p

237 1793 360 1863 Galliae
376 1794 637 1880 potentissimum,
657 1794 711 1878 qui
729 1816 801 1860 cum
818 1817 952 1882 magnae
968 1796 1070 1881 partis
1097 1828 1121 1854 .2
1145 1823 1171 1852 a
1199 1818 1207 1905 p

235 1891 379 1977 gionum,
398 1900 466 1954 tum
483 1889 578 1954 etiam
594 1888 777 1956 Britanniae
793 1889 960 1976 imperium
978 1890 1160 1957 obtinuerit:
1201 1936 1207 1997 1

235 2007 307 2051 esse
327 2006 436 2072 regem
459 1980 608 2050 Galbam:
636 1984 677 2049 ad
697 1984 782 2050 hunc
802 1993 929 2070 propter
954 1984 1110 2051 iustitiam
1129 2007 1151 2072 p
1203 2035 1207 2091 Ι

234 2079 371 2163 tiomque
393 2078 489 2143 totius
511 2077 587 2144 belli
609 2101 764 2143 summam
787 2079 927 2144 omnium
949 2079 1114 2151 voluntate
1135 2080 1177 2145 dal·
1204 2132 1207 2191 1

235 2173 350 2260 oppida
366 2172 482 2239 habere
503 2194 634 2239 numero
651 2172 738 2252 XII,
763 2172 904 2260 polliceri
924 2173 1011 2239 milia
1033 2183 1175 2241 armam
1204 2224 1207 2277 4

234 2268 397 2356 quaginta3
424 2267 555 2333 totidem
575 2267 723 2347 Nervios,
749 2267 804 2352 qui
829 2267 965 2334 maxime
987 2267 1048 2333 feri
1073 2267 1156 2335 inter
1170 2267 1207 2367 '4

234 2363 407 2429 habeantur
435 2362 681 2449 longissimeque
712 2361 830 2442 obsint3
864 2361 934 2428 XV
964 2362 1051 2428 milia
1080 2362 1171 2430 Atre

234 2456 411 2522 Ambianos
429 2455 467 2521 X
483 2456 583 2534 milia,
601 2455 746 2522 Morinos
763 2454 870 2521 XXV
886 2456 985 2534 milia,
1004 2455 1171 2544 Menapios

233 2550 332 2628 milia,
353 2549 481 2617 Caletos
497 2550 536 2615 X
553 2550 652 2629 milia,
671 2548 871 2616 Veliocasses
890 2560 921 2616 et
938 2550 1170 2618 Viromanduos

233 2645 315 2723 dem,
333 2643 519 2710 Aduatucos
538 2645 648 2711 decem
665 2653 697 2710 et
710 2667 825 2711 novem
837 2644 937 2724 milia;
958 2644 1155 2726 Condrusos,
1179 2652 1184 2701 ἵ

232 2761 339 2817 nones,
369 2736 558 2818 Oueroesos,
584 2737 777 2818 Paemanos,
804 2739 859 2823 qui
879 2761 943 2805 uno
964 2739 1092 2806 nomine
1152 2772 1183 2794 ·1

234 2833 439 2919 appellantur,
458 2831 600 2898 arbitrari
618 2835 659 2899 ad
675 2833 743 2898 XL
762 2833 857 2899 milia.

199 2952 215 3000 5
300 2926 420 2995 Caesar
435 2927 555 2994 Remos
578 2927 757 2996 cohortatus
779 2928 1010 3013 liberaliterque
1032 2931 1173 2996 oratione
1191 2973 1196 2994 ν,

233 3031 359 3089 secutus
386 3045 512 3087 omnem
538 3032 682 3089 senatum
708 3024 750 3089 ad
776 3045 811 3089 se
833 3024 999 3089 convenire
1019 3024 1158 3112 princip
1173 3049 1191 3081 a

232 3117 347 3184 liberos
369 3116 496 3184 obsides
519 3117 559 3182 ad
582 3140 616 3183 se
638 3119 753 3184 adduci
769 3118 870 3184 iussit.
915 3141 997 3202 quae
1020 3120 1129 3185 omnia
1149 3117 1186 3185 ab

232 3212 396 3300 diligenter
425 3212 466 3277 ad
496 3211 580 3277 diem
610 3212 695 3278 facta
726 3222 807 3278 sunt.
855 3213 925 3300 ipse
950 3211 1149 3279 Divitiacum
1182 3218 1190 3270 i

232 3307 331 3389 duum
360 3327 551 3392 magnopere
582 3305 760 3372 cohortatus
795 3307 901 3386 docet,
938 3315 1057 3391 quanto
1088 3316 1181 3395 opere

231 3399 376 3487 publicae
409 3400 646 3485 communisque
682 3400 790 3466 salutis
824 3399 946 3466 intersit
975 3423 1089 3466 manus
1120 3402 1190 3467 ·h21¹

232 3495 385 3574 distineri,
411 3518 452 3562 ne
470 3518 542 3562 cum
564 3505 650 3560 tanta
670 3494 869 3561 multitudine
896 3518 958 3560 uno
984 3504 1127 3581 tempore
1142 3550 1145 3554 .
1159 3527 1181 3551 ιν

231 3590 369 3676 gendum
388 3589 437 3655 sit
467 3591 501 3655 id
518 3590 586 3655 fieri
603 3611 706 3675 posse,
725 3590 753 3655 si
771 3612 844 3655 suas
863 3589 969 3676 copias
983 3587 1114 3655 Haedui
1129 3589 1165 3654 in
1187 3604 1189 3641 ³

231 3683 471 3750 Bellovacorum
488 3685 715 3750 introduxerint
732 3693 763 3749 et
781 3706 888 3757 eorum
910 3705 1003 3771 agros
1025 3681 1195 3775 populari¹

231 3779 342 3865 perint.
368 3779 418 3844 his
436 3780 591 3846 mandatis
610 3802 682 3844 enm
700 3779 740 3846 ab
755 3802 789 3846 se
803 3779 938 3845 dimittit.
965 3788 1137 3866 postquam
1148 3801 1190 3848 os

231 3874 403 3960 Belgarum
428 3874 535 3961 copias
561 3876 595 3941 in
621 3897 719 3940 unum
740 3875 844 3941 locum
870 3883 995 3941 coactas
1021 3874 1063 3941 ad
1090 3897 1127 3942 se

231 3969 320 4047 vidit,
356 3991 460 4055 neque
485 3969 550 4037 iam
579 3971 673 4059 longe
704 3970 816 4038 abesse
846 3969 887 4036 ab
916 3971 969 4050 iis,
1005 3991 1087 4056 quos
1128 4004 1192 4030 s:-

47 4161 57 4174 ‚
215 4061 477 4150 exploratoribus
504 4077 538 4136 et
564 4066 606 4135 ab
632 4066 748 4134 Renirs
773 4065 940 4154 cognouit,
961 4064 1084 4128 humen
1118 4090 1195 4124 :a
