2414 4336
143 261 186 328 64
460 271 514 327 DE
531 269 660 328 BELLO
678 268 847 328 Gauuuco

144 409 176 464 et
196 396 360 465 consilium
381 394 535 485 probabat
558 405 704 482 atquem
725 393 785 462 sibi
801 393 928 461 fidelem
949 392 1152 479 arbitrabatur,

144 491 294 578 cuiusque
319 491 487 558 auctoritas
513 491 547 556 in
573 490 622 556 his
648 488 830 578 regionibus
852 492 962 578 magni
983 488 1153 573 habebatur,

142 587 245 653 mittit.
288 586 363 653 huic
378 587 525 672 imperat,
553 608 631 670 quas
648 585 763 672 possit,
791 584 883 650 adeat
904 585 1050 653 civitates
1069 586 1155 654 horte

142 691 263 766 turque,
281 690 316 746 ut
332 680 442 768 populi
453 679 590 746 Romani
606 680 702 745 fidem
715 689 894 765 sequantur,
913 702 1015 766 seque
1033 680 1157 749 celeriter

143 798 181 842 eo
207 784 373 841 venturum
398 774 528 839 nuntiet.
581 773 762 841 Volusenus
788 775 962 861 perspectis
989 774 1156 865 regionibus
1201 851 1205 864 ,

143 870 298 948 omnibus,
316 877 468 955 quantum
486 868 515 933 ei
527 867 685 934 facultatis
698 869 767 934 dari
778 868 889 956 potuit,
907 869 963 954 qui
976 870 1054 937 navi
1067 871 1158 960 egredi
1202 868 1205 933 i

143 988 181 1032 ac
206 987 241 1031 se
266 963 407 1031 barbaris
434 963 626 1031 committere
653 987 717 1030 non
742 965 884 1044 auderet,
915 965 1028 1049 quinto
1056 966 1107 1032 die
1129 966 1159 1032 ud

144 1059 315 1127 Caesarem
335 1058 500 1123 revertitur
522 1080 664 1144 quaeque
681 1057 727 1124 ibi
747 1058 976 1146 perspexisset,
1004 1060 1158 1126 renuntiat

91 1176 124 1226 su
142 1155 218 1220 dum
235 1155 269 1219 in
286 1153 335 1220 his
352 1152 430 1220 locis
446 1153 565 1221 Caesar
581 1155 710 1219 navium
726 1155 936 1242 parandarum
953 1177 1056 1222 causa
1071 1178 1161 1222 mora·

142 1260 207 1329 tur,
230 1272 270 1314 ex
287 1272 402 1336 magna
418 1259 507 1336 parte
523 1247 721 1315 Morinorum
738 1249 780 1314 ad
797 1271 871 1315 eum
891 1248 991 1338 legati
1008 1260 1160 1330 venemnt,

142 1345 196 1431 qui
218 1367 252 1411 se
274 1345 313 1410 de
337 1344 504 1430 superioris
527 1344 676 1431 temporis
699 1344 829 1410 consilio
856 1356 1062 1426 excusarent,
1089 1344 1161 1432 quod

141 1438 285 1508 homines
302 1438 427 1505 barbari
445 1449 476 1504 et
492 1448 618 1504 nostrae
640 1438 874 1505 consuetudinis
896 1440 1037 1526 Mperiti
1056 1439 1162 1506 bellun

142 1533 258 1622 populo
275 1533 419 1599 Romano
436 1532 600 1612 fecissent,
620 1556 716 1619 seque
734 1556 787 1612 ea,
805 1555 886 1619 quae
903 1534 1109 1621 imperasset,
1124 1534 1163 1601 fa·

143 1637 246 1695 cturos
264 1628 492 1716 pollicerentur.
536 1629 598 1694 hoc
616 1629 676 1696 sibi
694 1629 770 1695 satis
788 1638 961 1715 opportune
981 1628 1107 1696 Caesar
1121 1650 1164 1696 ao

142 1723 256 1788 cidisse
274 1720 454 1801 arbitratus,
482 1724 568 1807 quod
584 1744 686 1807 neque
703 1732 776 1809 post
793 1732 917 1811 tergum
934 1723 1065 1791 hostem
1080 1724 1165 1790 reliu-

142 1841 237 1905 quere
263 1817 388 1884 volebat
413 1840 515 1903 neque
541 1818 615 1885 belli
640 1819 770 1906 gerendi
796 1830 922 1906 propter
947 1821 1025 1885 anni
1047 1829 1165 1908 tempus

142 1912 323 1979 facultatem
343 1910 480 1978 habebat
501 1934 604 1998 neque
625 1912 683 1979 has
701 1913 891 1979 tantularum
911 1936 1018 1979 rerum
1037 1937 1166 2003 occupa·

142 2008 242 2073 tiones
269 2005 330 2072 sibi
350 2006 531 2072 Britanniae
558 2008 791 2094 anteponendas
817 2006 991 2086 iudicabat,
1018 2031 1166 2097 magnum

142 2100 191 2166 his
215 2099 361 2167 obsidum
383 2123 547 2167 numerum
568 2101 710 2187 imperat.
754 2100 869 2186 quibus
892 2101 1039 2168 adductis
1063 2103 1167 2170 cosin

141 2199 237 2264 fidem
252 2195 404 2285 recepit]
423 2198 557 2265 navibus
577 2199 697 2265 circiter
713 2197 857 2263 LXXX
878 2199 1029 2265 onerariis
1055 2200 1164 2267 coactis

143 2293 384 2378 constratisque,
412 2302 489 2378 quot
507 2293 583 2360 satis
602 2315 672 2359 esse
690 2293 827 2358 adduas
850 2295 1111 2379 transportandas
1126 2294 1166 2361 ls-

142 2389 251 2476 giones
271 2387 483 2467 existimabat,
506 2389 591 2473 quod
608 2395 769 2475 praeterea
785 2387 913 2452 navium
929 2386 1100 2475 longarum
1116 2388 1165 2455 ha·

142 2482 250 2561 bebat‚
281 2484 454 2567 quaestori,
485 2482 597 2572 legatis
626 2481 856 2570 praefectisque
887 2482 1056 2549 distribuit.
1109 2484 1165 2551 huc

142 2576 333 2643 accedebant
349 2576 472 2642 XVIII
494 2578 653 2643 onerariae
675 2600 786 2656 naves,
815 2599 896 2662 quae
917 2599 957 2644 ex
979 2600 1017 2644 eo
1041 2579 1113 2647 loco
1129 2579 1163 2646 ab

142 2671 268 2737 milibus
294 2694 447 2756 passuum
474 2681 543 2739 octo
569 2682 664 2738 vento
691 2671 889 2751 tenebantur,
916 2694 979 2757 quo
1004 2674 1112 2740 minus
1135 2674 1164 2739 in

143 2766 278 2832 eundem
304 2775 430 2852 portum
450 2767 612 2853 pervenire
633 2778 776 2853 possent:
802 2766 860 2832 has
883 2766 1042 2852 equitibus
1065 2768 1164 2835 distri·

142 2861 219 2928 buit.
253 2861 409 2945 reliquum
426 2861 597 2926 exercitum
611 2861 730 2946 Quinto
744 2860 865 2926 Titurio
881 2858 1002 2928 Sabino
1020 2871 1053 2928 et
1065 2863 1163 2930 Lucio

142 2953 356 3021 Aurunculeio
367 2954 478 3022 Cottae
491 2955 603 3043 legatis
617 2957 650 3021 in
663 2955 831 3042 Menapios
845 2965 940 3041 atque
952 2957 986 3022 in
999 2978 1054 3023 eos
1067 2980 1162 3046 pagos

141 3048 346 3129 Morinorum,
365 3049 405 3116 ab
423 3050 537 3136 quibus
555 3052 596 3116 ad
613 3073 686 3116 eum
702 3050 798 3138 legati
815 3073 879 3116 non
891 3061 1052 3131 venerant,
1070 3053 1164 3119 dedu·

143 3145 277 3210 cendum
294 3145 388 3210 dedit.
432 3144 582 3211 Publium
601 3143 778 3231 Sulpicium
794 3143 916 3210 Rufum
936 3145 1078 3233 legatum
1096 3170 1163 3214 cum

143 3262 180 3306 eo
196 3240 366 3326 praesidio,
385 3241 471 3325 quod
489 3241 564 3306 satis
583 3262 654 3305 esse
672 3238 895 3318 arbitrabatur,
917 3252 1045 3327 portum
1062 3252 1163 3308 tenere

92 3356 124 3405 23
141 3335 242 3401 iussit.
286 3334 336 3400 his
354 3335 531 3402 constitutis
548 3335 642 3400 rebus
661 3344 772 3400 nactus
793 3334 941 3400 idoneam
957 3336 999 3401 ad
1015 3337 1163 3425 navigan·
1203 3332 1205 3339 ’

141 3429 218 3494 dum
239 3438 455 3515 tempestatem
478 3430 569 3495 tertia
590 3427 656 3494 fere
680 3427 788 3515 vigilia
810 3428 903 3494 solvit
929 3430 1114 3516 equitesque
1134 3431 1164 3496 iu

141 3523 318 3589 ulteriorem
343 3533 469 3610 portum
493 3524 641 3611 progredi
663 3534 694 3588 et
719 3546 816 3588 naves
843 3524 1053 3591 conscendere
1075 3535 1107 3591 et
1132 3547 1163 3592 se

143 3617 232 3703 sequi
253 3618 354 3683 iussit.
398 3618 553 3704 aquibus
576 3642 648 3684 cum
670 3617 765 3706 paulo
787 3617 906 3684 tardius
929 3628 1013 3684 esset
1034 3620 1164 3686 admini-

143 3724 288 3791 stratum‚
314 3713 383 3799 ipse
404 3712 481 3778 hora
503 3713 564 3779 diei
587 3713 709 3779 circiter
729 3722 841 3797 quarta
861 3736 935 3778 cum
950 3715 1061 3800 primis
1079 3715 1164 3782 navi·

142 3807 202 3874 bus
220 3807 415 3874 Britanniam
437 3809 540 3894 attigit
561 3819 654 3893 atque
675 3807 721 3872 ibi
742 3809 776 3871 in
793 3809 937 3875 omnibus
960 3810 1095 3878 collibus
1113 3835 1163 3878 ex·

140 3903 260 3991 positas
278 3902 416 3970 hostium
434 3903 539 3991 copias
558 3913 692 3969 armatas
711 3904 882 3990 conspexit.
909 3905 999 3972 cuius
1013 3906 1076 3973 loci
1087 3907 1164 3974 haec

129 4008 329 4080 eratnatura,
348 4011 447 4089 atque
459 4001 505 4068 ita
513 4000 677 4068 montibus
687 4000 832 4088 angustis
845 4023 934 4065 mare
945 4003 1169 4080 continebatur,

112 4091 165 4156 uti
179 4114 224 4160 ex
237 4092 324 4163 locis
344 4098 574 4187 superioribus
593 4097 726 4165 inlitus
743 4095 849 4162 telum
859 4093 952 4178 adigi
958 4103 1083 4176 posset,
1097 4094 1190 4156 bunc
