2414 4336
165 249 227 316 152
477 264 534 320 DE'
547 264 674 324 BELLO
695 264 863 325 eALuIco

163 388 344 455 succedunt.
387 411 485 476 agger
506 388 546 454 ab
568 389 722 458 universis
742 390 776 456 in
796 388 1005 456 munitionem
1031 391 1093 456 coni

163 491 194 548 et
214 503 380 549 ascensum
402 482 456 548 dat
474 478 589 562 Gallis,
616 493 648 550 et
670 505 721 563 ea,
749 505 830 569 quae
848 483 886 550 in
903 493 994 551 terra
1015 482 1093 550 occul

161 586 232 642 rant
247 576 397 655 Romani,
424 576 576 665 contegit3
601 600 661 645 nec
676 579 741 644 iam
762 601 850 646 arma
869 579 1005 658 nostris,
1031 600 1087 644 nee

111 688 144 740 ee
162 681 341 759 suppetunt.
389 671 439 737 his
468 669 564 739 rebus
594 673 728 761 cognitis
759 671 881 740 Caesar
905 672 1086 740 Labienum

161 765 340 833 cohortibus
362 787 420 832 sex
445 763 586 832 subsidio
611 766 825 834 laborantibus
851 767 963 833 mittite
990 768 1093 855 imper

161 861 314 928 sustinere
330 883 394 927 non
406 870 523 947 posset,
540 861 684 928 deductis
697 860 876 930 cohortibus
890 863 1056 950 eruptione
1067 885 1093 950 pr

159 966 220 1037 ret3
237 956 271 1022 id
282 955 344 1022 nisi
360 955 538 1022 necessario
551 978 592 1023 ne
609 955 714 1023 faciat.
740 957 808 1044 ipse
826 957 893 1022 adit
908 957 1060 1042 reliquos,
1077 979 1093 1024 o

160 1059 256 1130 tatur,
274 1072 314 1117 ne
331 1047 431 1116 labori
448 1049 668 1130 succumbant3
686 1051 826 1117 omnium
843 1052 1045 1138 superiorum
1061 1051 1093 1116 di

159 1145 279 1212 tionum
304 1143 442 1211 fructum
468 1145 502 1210 in
527 1167 565 1212 eo
592 1145 642 1211 die
668 1154 763 1231 atque
787 1145 865 1212 hora
884 1145 982 1212 docet
1008 1146 1093 1212 consi

157 1239 320 1307 interiores
333 1239 506 1327 desperatis
519 1239 747 1327 campestribus
760 1238 838 1307 locis
850 1248 984 1327 propter
1000 1263 1093 1328 magn

158 1357 231 1402 nem
247 1335 455 1402 munitionum
471 1332 541 1401 loca
557 1344 725 1421 praerupta
738 1357 778 1400 ex
790 1357 925 1401 ascensu
940 1344 1093 1422 temptant

158 1453 209 1510 ea,
237 1442 318 1516 quae
338 1439 536 1517 paraverant,
564 1430 741 1496 conferunt:
768 1429 970 1495 multitudine
993 1430 1093 1496 teloru

158 1524 295 1592 turribus
307 1533 541 1612 propugnantes
559 1523 734 1602 deturbant,
753 1545 869 1612 aggere
883 1533 914 1590 et
927 1524 1071 1592 cratibus
1084 1525 1093 1590 l

158 1619 298 1706 explent,
326 1616 444 1706 [aditus
468 1615 667 1706 expediunt];
693 1618 828 1685 falcibus
849 1617 972 1684 vallum
997 1641 1039 1686 ac
1060 1619 1093 1686 lor

107 1731 139 1784 8⁷
157 1713 347 1779 rescindunt.
373 1713 468 1778 mittit
480 1714 581 1800 primo
594 1713 729 1778 Brutum
742 1712 977 1779 adulescentem
990 1736 1093 1780 cumc

156 1806 240 1874 tibus
269 1805 401 1886 Caesar,
428 1816 501 1893 post
526 1829 599 1873 cum
624 1805 694 1873 aliis
722 1803 838 1874 Gaium
863 1805 1006 1875 Fabium
1032 1808 1093 1896 lega

155 1910 314 1989 postremo
331 1900 410 1988 ipse,
429 1922 501 1967 cum
517 1901 734 1968 vehementius
746 1911 934 1990 pugnarent,
954 1903 1092 1991 integros

157 1995 237 2063 sidio
259 1995 395 2062 adducit.
438 1995 581 2062 restituto
602 1995 722 2084 proelio
745 2018 782 2062 ac
807 1995 944 2082 repulsis
965 1995 1093 2064 hostibu

155 2112 219 2177 quo
236 2089 416 2157 Labienum
437 2090 578 2170 miserat,
606 2090 778 2170 contendit3
805 2089 950 2160 cohortes
972 2101 1093 2177 quattu<

154 2185 298 2273 proximo
311 2184 438 2251 castello
451 2185 585 2264 deducit,
604 2185 745 2270 equitum
756 2193 878 2271 partem
893 2187 1045 2270 sesequi,
1061 2208 1093 2273 pa

155 2281 317 2347 cucumire
335 2280 502 2346 exteriores
521 2279 709 2347 munitiones
727 2287 758 2344 et
775 2277 815 2346 ab
833 2288 924 2367 tergo
940 2279 1053 2346 hostes
1069 2302 1093 2345 at

154 2373 250 2442 iubet.
293 2374 473 2453 Labienus,
495 2383 664 2462 postquam
680 2397 784 2461 neque
801 2396 936 2462 aggeres
953 2396 1057 2461 neque
1074 2374 1093 2440 fi

154 2469 219 2535 vim
239 2469 378 2537 hostium
400 2469 553 2536 sustinere
575 2479 732 2557 poterant,
760 2469 875 2537 coactis
898 2491 963 2535 una
980 2469 1050 2536 XL
1073 2490 1093 2535 c«

154 2561 253 2643 tibus,
279 2586 359 2649 quas
381 2586 421 2630 ex
442 2565 593 2651 proximis
615 2563 780 2651 praesidiis
804 2564 955 2630 deductas
974 2563 1040 2630 fors
1059 2563 1093 2631 ob

155 2657 325 2726 Caesarem
350 2680 407 2746 per
431 2660 557 2727 nuntios
584 2658 661 2726 facit
687 2659 865 2738 certiorem,
896 2658 975 2743 quid
1001 2658 1093 2726 faciet

103 2771 136 2823 88
154 2752 319 2819 existimet.
359 2752 511 2820 accelerat
529 2752 658 2833 Caesar,
675 2763 712 2819 ut
727 2753 846 2840 proelio
862 2753 997 2820 intersit.
1040 2754 1093 2822 eiu

155 2855 250 2912 ventu
273 2868 313 2912 ex
335 2846 438 2914 colore
460 2848 592 2915 vestitus
615 2847 756 2936 cognito,
780 2869 843 2933 quo
864 2847 984 2935 insigni
1005 2849 1039 2914 in
1055 2871 1093 2936 ps

153 2941 200 3007 uti
225 2951 443 3020 consueverat,
470 2943 644 3028 turmisque
671 2942 811 3027 equitum
833 2950 864 3008 et
886 2941 1093 3011 cohortibus·

153 3057 231 3121 quas
250 3058 284 3102 se
303 3036 391 3121 sequi
408 3036 556 3117 iusserat,
583 3046 619 3103 ut
636 3037 675 3102 de
691 3036 770 3103 locis
792 3035 1008 3123 superioribus
1029 3035 1093 3103 hee

152 3131 245 3198 clivia
261 3141 293 3198 et
309 3132 430 3198 devexa
448 3131 663 3210 cernebantur,
680 3131 781 3198 nostri
797 3130 952 3219 proelium
971 3131 1093 3198 commit

151 3226 306 3311 utrimque
328 3226 464 3293 elamore
487 3225 610 3292 sublato
634 3224 750 3312 excipit
771 3248 880 3293 rursus
907 3247 949 3292 ex
975 3227 1059 3294 vallo
1083 3249 1093 3293 a

152 3320 296 3388 omnibus
314 3320 539 3388 munitionibus
557 3319 683 3387 clamor.
714 3321 813 3387 nostri
830 3320 957 3388 emissis
974 3321 1048 3408 pilis
1064 3320 1093 3410 gl

151 3435 218 3479 rem
247 3425 368 3502 gerunt.
416 3424 544 3501 repente
572 3424 646 3502 post
675 3425 800 3502 tergum
834 3415 993 3500 equitatus
1029 3438 1093 3482 cem

152 3506 293 3574 cohortes
312 3510 390 3576 aliae
413 3511 673 3598 appropinquant.
716 3509 826 3577 hostes
849 3519 938 3597 terga
960 3520 1093 3590 vertunt

150 3601 308 3690 gientibus
326 3605 446 3689 equites
464 3614 644 3672 occurrunt:
662 3603 698 3672 fit
713 3627 831 3694 magna
847 3605 971 3672 caedes.
1018 3604 1093 3674 Sedt

69 3708 82 3730 ·
150 3699 217 3764 dux
233 3708 264 3765 et
280 3700 424 3786 princeps
438 3700 657 3780 Lemovicum,
676 3700 842 3779 occiditur3
858 3698 1093 3767 Vercassivells

151 3791 314 3860 Arvernus
335 3793 428 3859 vivus
448 3794 482 3859 in
503 3794 583 3883 fuga
604 3793 890 3882 comprehenditur3
917 3794 1010 3882 signa
1031 3793 1093 3859 mili

147 3886 327 3954 LXXIHI
339 3887 381 3954 ad
395 3885 566 3956 Caesarem
578 3890 768 3965 referuntur:
784 3888 880 3975 pauci
893 3911 934 3954 ex
946 3897 1032 3956 tanto
1045 3911 1093 3956 nur

140 4003 177 4048 se
199 3981 382 4052 incolumes
407 3983 445 4051 in
470 3995 576 4053 castra
599 3985 763 4072 recipiunt.
804 3984 975 4065 conspicati
992 4007 1035 4051 ex
1058 4007 1093 4072 op

133 4078 274 4149 caedem
310 4091 342 4149 et
374 4079 495 4171 fugam
531 4101 667 4149 suonum
700 4077 870 4161 desperata
900 4073 1004 4137 sums
1034 4079 1093 4159 aopi
