2414 4336
331 266 449 323 COMM.
466 268 501 325 V.
520 268 641 322 17-22.
959 255 999 319 79

11 412 69 481 [πθ
87 390 150 456 hoo
171 398 256 455 metu
274 389 367 456 latius
389 390 497 478 vagari
518 388 713 475 prohibebat.
757 387 998 474 relinquebatur,

13 506 130 572 meque
147 485 272 571 longius
290 483 330 550 ab
348 485 472 572 agmine
489 484 650 571 legionum
667 484 787 550 discedi
805 482 924 550 Caesar
944 508 1001 571 pa-
1122 545 1124 550 .

17 574 20 579 ’
109 589 141 646 et
157 588 279 645 tantum
295 579 329 643 in
346 579 429 666 agris
443 578 603 645 vastandis
616 578 830 663 incendiisque
848 578 1000 645 faciendis

23 674 26 689 ²
46 673 119 740 ‘bus
137 682 308 750 noceretur,
327 681 479 757 quantum
490 672 597 738 labore
612 681 705 756 atque
717 672 826 737 itinere
838 672 1000 759 legionarii

55 790 89 834 es
108 767 233 833 efficere
250 775 402 854 poterant,
445 766 569 832 interim
587 765 810 844 Trinobantes,
832 789 931 852 prope
948 766 1000 832 fir·
1018 787 1051 836 20

56 860 65 877 ⁸
100 885 121 927 a
143 883 251 926 earum
271 861 435 948 regionum
458 860 582 938 civitas,
611 883 651 925 ex
672 881 735 945 qua
751 859 1000 927 Mandubracius

53 978 163 1022 ascens
187 955 334 1023 Caesaris
359 956 454 1021 fidem
476 964 602 1021 secutus
625 956 761 1020 adeum
785 955 819 1020 in
841 955 1002 1021 continen-

54 1048 204 1123 ,Galliam
224 1052 366 1129 venerat,
389 1050 478 1116 cuius
500 1059 589 1136 pater
609 1049 643 1113 in
664 1072 701 1114 ea
723 1050 847 1115 civitate
867 1072 1000 1138 regnum

66 1154 154 1210 uerat
175 1144 419 1230 interfectusque
441 1154 508 1211 erat
524 1168 545 1208 a
563 1142 815 1223 Cassivellauno,
837 1143 906 1231 ipse
923 1145 1002 1232 fuga

58 1263 109 1305 em
131 1238 297 1318 vitaverat,
319 1239 440 1327 legatos
462 1239 504 1304 ad
522 1238 693 1305 Caesarem
709 1239 837 1304 mittunt
852 1240 1002 1326 pollicen-

70 1355 98 1412 e,
118 1355 189 1399 sese
207 1334 236 1398 ei
254 1334 412 1399 dedituros
431 1344 524 1418 atque
541 1335 694 1419 imperata
710 1333 848 1400 facturos
854 1359 864 1413 3
881 1344 1000 1420 petunt,

33 1418 294 1493 Mandubracium
311 1426 351 1494 ab
368 1428 481 1493 iniuria
495 1425 726 1519 Cassivellauni
743 1427 891 1492 defendat
908 1437 1002 1513 atque

31 1519 186 1586 civitatem
203 1521 314 1600 mittat,
332 1523 387 1608 qui
403 1521 520 1608 praesit
532 1522 760 1608 imperiumque
773 1520 920 1587 obtineat
952 1521 1001 1587 his

62 1639 99 1681 ar
116 1615 250 1702 imperat
268 1615 393 1683 obsides
415 1616 622 1703 quadraginta
643 1615 897 1700 frumentumque
915 1638 1003 1682 exer·

11 1780 13 1785 ,
40 1708 48 1725 “
66 1708 396 1796 Mandubraciumque
413 1711 455 1777 ad
472 1733 526 1776 eos
545 1711 647 1775 mittit.
691 1710 737 1776 illi
753 1712 905 1796 imperata
923 1710 1003 1776 cele·

10 1817 49 1870 er
65 1803 225 1882 fecerunt,
248 1804 374 1871 obsides
394 1804 617 1870 adnumerum
637 1805 892 1889 frumentumque
909 1804 1004 1868 mise-

10 1905 57 1963 nt.
82 1897 329 1965 Trinobantibus
343 1899 482 1965 defensis
496 1909 589 1984 atque
599 1899 639 1965 ab
648 1900 734 1965 omni
746 1900 880 1963 militum
892 1898 1005 1963 iniuria
1022 1917 1054 1965 21

10 1989 144 2058 obibitis
155 1990 351 2080 Cenimagni,
364 1991 553 2080 Segontiaci,
568 1993 741 2073 Ancalites,
756 1993 894 2071 Bibroci,
911 1992 1004 2059 Cassi
1027 2036 1030 2043 ,

10 2086 191 2169 rationibus
208 2088 313 2153 missis
333 2110 403 2153 sese
417 2086 547 2153 Caesari
565 2088 692 2152 dedunt
724 2087 763 2153 ab
781 2087 830 2153 his
845 2087 1005 2174 cognoscit

10 2196 41 2246 n
55 2180 156 2268 longe
174 2203 214 2246 ex
231 2203 268 2247 eo
285 2181 355 2248 loco
373 2182 523 2268 oppidum
538 2179 769 2248 Cassivellauni
787 2179 898 2246 abesse
917 2178 1004 2244 silvis

10 2266 210 2359 ludibusque
228 2276 391 2354 munitum,
410 2298 473 2360 quo
491 2277 567 2342 satis
585 2298 719 2362 magnus
736 2274 898 2338 hominum
911 2295 1005 2360 peco-

10 2392 85 2458 que
102 2393 251 2438 numerus
270 2373 457 2439 convenerit.
502 2372 653 2458 oppidum
670 2381 775 2436 autem
788 2368 932 2435 Britanni
949 2390 1005 2433 vo·

10 2475 64 2545 nt,
93 2487 167 2532 oum
184 2466 279 2532 silvas
301 2467 467 2552 impeditas
489 2466 572 2552 uallo
591 2476 684 2550 atque
706 2464 795 2530 fossa
816 2464 1003 2540 munierunt,

10 2581 42 2627 to
58 2560 246 2626 incursionis
264 2561 402 2627 hostium
415 2561 560 2626 vitandae
578 2582 675 2625 causa
692 2559 857 2625 convenire
873 2579 1005 2624 consue·

10 2664 61 2720 nt.
90 2676 129 2720 eo
145 2654 352 2740 proficiscitur
368 2677 441 2720 oum
457 2654 648 2742 legionibus:
666 2653 773 2721 locum
789 2653 903 2739 reperit
917 2674 1005 2740 egre-
1056 2685 1058 2691 ·

9 2768 32 2815 a
47 2759 161 2815 natura
179 2760 272 2833 atque
289 2772 382 2837 opere
400 2751 569 2829 munitum3
596 2759 702 2814 tamen
724 2749 807 2814 hunc
825 2746 947 2814 duabus
965 2768 1006 2811 ex

9 2842 122 2909 ntibus
148 2866 331 2932 oppugnare
358 2845 526 2910 contendit.
576 2844 683 2910 hostes
710 2844 869 2930 paulisper
894 2841 1006 2906 morati

9 2933 115 3005 ilitum
133 2948 310 3005 nostrorum
327 2939 480 3024 impetum
497 2961 561 3004 non
583 2938 720 3004 tulerunt
738 2959 869 3021 seseque
888 2936 949 3000 alia
966 2957 1006 2999 ex

9 3040 70 3097 arte
86 3032 195 3118 oppidi
217 3033 382 3098 eiecerunt
427 3054 561 3120 magnus
583 3031 628 3097 ibi
645 3054 794 3097 numerus
816 3030 939 3116 pecoris
956 3050 1006 3092 re-

9 3133 99 3207 atus,
117 3126 270 3211 multique
282 3127 316 3192 in
329 3127 408 3216 fuga
417 3137 490 3192 eunt
503 3127 721 3213 comprehensi
734 3136 827 3210 atque
840 3122 1005 3189 interfecti.

9 3234 58 3295 um
76 3219 155 3284 haec
176 3221 210 3284 in
226 3221 275 3287 his
298 3221 375 3287 loeis
392 3231 557 3308 geruntur,
583 3221 840 3287 Cassivellaunus
863 3218 905 3283 ad
923 3216 1007 3283 Can·
1024 3238 1056 3286 22

9 3328 74 3392 um,
98 3314 184 3398 quod
202 3337 272 3382 esse
289 3315 331 3381 ad
347 3338 433 3382 mare
456 3339 551 3403 supra
573 3315 869 3392 demonstravimus,
892 3312 1006 3397 quibus

9 3405 162 3492 lgionibus
185 3419 331 3493 quattuor
351 3431 443 3497 reges
465 3420 642 3497 praeerant,
672 3408 869 3496 Cingetorix,
897 3406 1008 3473 Carvi-

9 3518 54 3579 us,
72 3502 314 3592 Taximagulus,
335 3502 498 3592 Segouax,
517 3506 642 3571 nuntios
660 3504 754 3569 mittit
771 3512 864 3587 atque
881 3502 931 3567 his
949 3503 1008 3566 im·

9 3605 79 3679 ¹urat,
91 3598 139 3662 uti
148 3599 264 3664 coactis
274 3599 419 3666 omnibus
428 3600 527 3686 copiis
537 3609 640 3665 castra
648 3598 772 3663 navalia
785 3598 824 3663 de
836 3595 1007 3683 improviso

9 3685 272 3778 torminaque
290 3703 482 3780 oppugnent.
526 3694 549 3758 ii
566 3715 638 3758 cum
660 3694 702 3759 ad
719 3703 821 3759 castra
837 3693 1005 3766 venissent,

9 3786 80 3850 nstn
97 3786 259 3872 eruptione
272 3787 357 3853 facta
370 3787 477 3853 multis
487 3810 595 3854 eorum
607 3788 790 3866 interfectis,
808 3797 899 3873 capto
913 3783 1007 3849 etiam

9 3875 78 3945 abili
95 3879 176 3946 duce
190 3881 398 3971 Lugotorige,
417 3905 492 3949 suos
509 3883 682 3950 incolumes
699 3884 898 3948 redimerunt
927 3876 1008 3945 Cas-

9 3966 175 4040 ivellaimus
190 3974 251 4042 hoe
265 3977 386 4063 proelio
403 3977 564 4059 nuntiato,
586 3988 636 4048 tot
652 3976 851 4046 detrimentis
865 3973 1022 4059 aceeptus,

9 4066 104 4131 uatis
118 4066 248 4148 linibus,
271 4073 413 4140 maxime
437 4074 539 4144 etiam
561 4088 736 4168 permotus
758 4063 1048 4143 deiectione-uiui·
