<?xml version="1.0" encoding="UTF-8"?>
<!DOCTYPE html PUBLIC "-//W3C//DTD XHTML 1.0 Transitional//EN"
    "http://www.w3.org/TR/xhtml1/DTD/xhtml1-transitional.dtd">
<html xmlns="http://www.w3.org/1999/xhtml" xml:lang="en" lang="en">
 <head>
  <title>
</title>
<meta http-equiv="Content-Type" content="text/html;charset=utf-8" />
  <meta name='ocr-system' content='tesseract 3.04.00' />
  <meta name='ocr-capabilities' content='ocr_page ocr_carea ocr_par ocr_line ocrx_word'/>
</head>
<body>
  <div class='ocr_page' id='page_1' title='image "./ciuliicaesarisc01krangoog_0047.png"; bbox 0 0 2414 4336; ppageno 0'>
   <div class='ocr_carea' id='block_1_1' title="bbox 364 258 1026 330">
    <p class='ocr_par' dir='ltr' id='par_1_1' title="bbox 364 258 1026 330">
     <span class='ocr_line' id='line_1_1' title="bbox 364 258 1026 330; baseline -0.006 -2"><span class='ocrx_word' id='word_1_1' title='bbox 364 271 482 328; x_wconf 79' lang='lat' dir='ltr'><strong>COMM.</strong></span> <span class='ocrx_word' id='word_1_2' title='bbox 500 274 537 330; x_wconf 90' lang='lat'><strong>11.</strong></span> <span class='ocrx_word' id='word_1_3' title='bbox 555 274 674 329; x_wconf 78' lang='lat'><strong>29-33.</strong></span> <span class='ocrx_word' id='word_1_4' title='bbox 986 258 1026 324; x_wconf 83' lang='grc'><strong>41</strong></span> 
     </span>
    </p>
   </div>
   <div class='ocr_carea' id='block_1_2' title="bbox 74 397 1083 4081">
    <p class='ocr_par' dir='ltr' id='par_1_2' title="bbox 74 397 1083 4081">
     <span class='ocr_line' id='line_1_2' title="bbox 75 397 1030 484; baseline 0.001 -22"><span class='ocrx_word' id='word_1_5' title='bbox 75 398 304 484; x_wconf 89' lang='lat' dir='ltr'><strong>ppropinquare</strong></span> <span class='ocrx_word' id='word_1_6' title='bbox 322 398 484 464; x_wconf 91' lang='lat' dir='ltr'><strong>moenibus</strong></span> <span class='ocrx_word' id='word_1_7' title='bbox 502 398 655 475; x_wconf 83' lang='lat' dir='ltr'><strong>viderunt,</strong></span> <span class='ocrx_word' id='word_1_8' title='bbox 673 419 756 463; x_wconf 89' lang='lat' dir='ltr'><strong>nova</strong></span> <span class='ocrx_word' id='word_1_9' title='bbox 772 406 866 482; x_wconf 88' lang='lat' dir='ltr'><strong>atque</strong></span> <span class='ocrx_word' id='word_1_10' title='bbox 882 397 1030 464; x_wconf 85' lang='lat' dir='ltr'><strong>inusitata</strong></span> 
     </span>
     <span class='ocr_line' id='line_1_3' title="bbox 75 491 1029 579; baseline 0 -23"><span class='ocrx_word' id='word_1_11' title='bbox 75 495 111 558; x_wconf 78' lang='lat' dir='ltr'><strong>:ie</strong></span> <span class='ocrx_word' id='word_1_12' title='bbox 134 493 281 557; x_wconf 90' lang='lat' dir='ltr'><strong>commoti</strong></span> <span class='ocrx_word' id='word_1_13' title='bbox 303 492 424 579; x_wconf 87' lang='lat' dir='ltr'><strong>legatos</strong></span> <span class='ocrx_word' id='word_1_14' title='bbox 446 492 488 557; x_wconf 85' lang='lat' dir='ltr'><strong>ad</strong></span> <span class='ocrx_word' id='word_1_15' title='bbox 511 491 682 559; x_wconf 84' lang='lat' dir='ltr'><strong>Caesarem</strong></span> <span class='ocrx_word' id='word_1_16' title='bbox 703 492 743 556; x_wconf 92' lang='lat' dir='ltr'><strong>de</strong></span> <span class='ocrx_word' id='word_1_17' title='bbox 768 513 846 577; x_wconf 90' lang='lat' dir='ltr'><strong>pace</strong></span> <span class='ocrx_word' id='word_1_18' title='bbox 868 491 1029 570; x_wconf 90' lang='lat' dir='ltr'><strong>miserunt,</strong></span> 
     </span>
     <span class='ocr_line' id='line_1_4' title="bbox 76 585 1029 653; baseline 0.001 -2"><span class='ocrx_word' id='word_1_19' title='bbox 76 587 119 651; x_wconf 86' lang='lat' dir='ltr'><strong>ad</strong></span> <span class='ocrx_word' id='word_1_20' title='bbox 136 586 221 651; x_wconf 93' lang='lat' dir='ltr'><strong>hunc</strong></span> <span class='ocrx_word' id='word_1_21' title='bbox 237 587 367 651; x_wconf 92' lang='lat' dir='ltr'><strong>modum</strong></span> <span class='ocrx_word' id='word_1_22' title='bbox 383 586 493 652; x_wconf 67' lang='lat' dir='ltr'><strong>locutis</strong></span> <span class='ocrx_word' id='word_1_23' title='bbox 511 609 575 652; x_wconf 91' lang='lat' dir='ltr'><strong>non</strong></span> <span class='ocrx_word' id='word_1_24' title='bbox 592 586 770 653; x_wconf 86' lang='lat' dir='ltr'><strong>existimare</strong></span> <span class='ocrx_word' id='word_1_25' title='bbox 784 586 944 652; x_wconf 83' lang='lat' dir='ltr'><strong>Romanos</strong></span> <span class='ocrx_word' id='word_1_26' title='bbox 962 585 1029 652; x_wconf 87' lang='lat' dir='ltr'><strong>sine</strong></span> 
     </span>
     <span class='ocr_line' id='line_1_5' title="bbox 83 679 1030 767; baseline 0 -23"><span class='ocrx_word' id='word_1_27' title='bbox 83 680 190 744; x_wconf 90' lang='lat' dir='ltr'><strong>divina</strong></span> <span class='ocrx_word' id='word_1_28' title='bbox 207 680 324 746; x_wconf 90' lang='lat' dir='ltr'><strong>bellum</strong></span> <span class='ocrx_word' id='word_1_29' title='bbox 341 702 463 767; x_wconf 84' lang='lat' dir='ltr'>gerere,</span> <span class='ocrx_word' id='word_1_30' title='bbox 487 681 542 765; x_wconf 93' lang='lat' dir='ltr'><strong>qui</strong></span> <span class='ocrx_word' id='word_1_31' title='bbox 558 689 663 746; x_wconf 86' lang='lat' dir='ltr'><strong>tantae</strong></span> <span class='ocrx_word' id='word_1_32' title='bbox 681 679 853 745; x_wconf 80' lang='lat' dir='ltr'><strong>altitudinis</strong></span> <span class='ocrx_word' id='word_1_33' title='bbox 871 679 1030 745; x_wconf 88' lang='lat' dir='ltr'><strong>machina·</strong></span> 
     </span>
     <span class='ocr_line' id='line_1_6' title="bbox 75 774 1031 861; baseline 0 -22"><span class='ocrx_word' id='word_1_34' title='bbox 75 798 106 840; x_wconf 86' lang='lat' dir='ltr'><strong>es</strong></span> <span class='ocrx_word' id='word_1_35' title='bbox 125 783 211 839; x_wconf 86' lang='lat' dir='ltr'><strong>tanta</strong></span> <span class='ocrx_word' id='word_1_36' title='bbox 225 774 380 840; x_wconf 92' lang='lat' dir='ltr'><strong>celeritate</strong></span> <span class='ocrx_word' id='word_1_37' title='bbox 391 796 576 861; x_wconf 87' lang='lat' dir='ltr'><strong>promovere</strong></span> <span class='ocrx_word' id='word_1_38' title='bbox 587 783 726 861; x_wconf 75' lang='lat' dir='ltr'>possent,</span> <span class='ocrx_word' id='word_1_39' title='bbox 745 796 780 840; x_wconf 87' lang='lat' dir='ltr'><strong>se</strong></span> <span class='ocrx_word' id='word_1_40' title='bbox 794 795 912 858; x_wconf 85' lang='lat' dir='ltr'><strong>suaque</strong></span> <span class='ocrx_word' id='word_1_41' title='bbox 926 774 1031 840; x_wconf 89' lang='lat' dir='ltr'><strong>omnia</strong></span> 
     </span>
     <span class='ocr_line' id='line_1_7' title="bbox 75 869 1031 956; baseline 0 -23"><span class='ocrx_word' id='word_1_42' title='bbox 75 893 114 933; x_wconf 88' lang='lat' dir='ltr'><strong>nn</strong></span> <span class='ocrx_word' id='word_1_43' title='bbox 131 869 279 955; x_wconf 81' lang='lat' dir='ltr'><strong>potestati</strong></span> <span class='ocrx_word' id='word_1_44' title='bbox 295 870 474 956; x_wconf 89' lang='lat' dir='ltr'><strong>permittere</strong></span> <span class='ocrx_word' id='word_1_45' title='bbox 491 870 645 934; x_wconf 87' lang='lat' dir='ltr'><strong>dixerunt.</strong></span> <span class='ocrx_word' id='word_1_46' title='bbox 684 891 783 934; x_wconf 92' lang='lat' dir='ltr'><strong>unum</strong></span> <span class='ocrx_word' id='word_1_47' title='bbox 799 878 904 955; x_wconf 89' lang='lat' dir='ltr'><strong>petere</strong></span> <span class='ocrx_word' id='word_1_48' title='bbox 922 890 960 934; x_wconf 91' lang='lat' dir='ltr'><strong>ac</strong></span> <span class='ocrx_word' id='word_1_49' title='bbox 976 869 1031 933; x_wconf 91' lang='lat' dir='ltr'><strong>de-</strong></span> 
     </span>
     <span class='ocr_line' id='line_1_8' title="bbox 75 962 1031 1049; baseline 0.002 -22"><span class='ocrx_word' id='word_1_50' title='bbox 75 964 140 1028; x_wconf 63' lang='lat' dir='ltr'><strong>aari:</strong></span> <span class='ocrx_word' id='word_1_51' title='bbox 159 963 188 1028; x_wconf 90' lang='lat' dir='ltr'><strong>si</strong></span> <span class='ocrx_word' id='word_1_52' title='bbox 200 962 280 1029; x_wconf 87' lang='lat' dir='ltr'><strong>sorte</strong></span> <span class='ocrx_word' id='word_1_53' title='bbox 297 986 354 1049; x_wconf 88' lang='lat' dir='ltr'><strong>pro</strong></span> <span class='ocrx_word' id='word_1_54' title='bbox 372 986 430 1030; x_wconf 89' lang='lat' dir='ltr'><strong>sua</strong></span> <span class='ocrx_word' id='word_1_55' title='bbox 442 963 608 1048; x_wconf 88' lang='lat' dir='ltr'><strong>clementia</strong></span> <span class='ocrx_word' id='word_1_56' title='bbox 620 985 658 1029; x_wconf 86' lang='lat' dir='ltr'><strong>ac</strong></span> <span class='ocrx_word' id='word_1_57' title='bbox 669 964 917 1042; x_wconf 87' lang='lat' dir='ltr'><strong>mansuetudine,</strong></span> <span class='ocrx_word' id='word_1_58' title='bbox 936 985 1031 1048; x_wconf 91' lang='lat' dir='ltr'><strong>quam</strong></span> 
     </span>
     <span class='ocr_line' id='line_1_9' title="bbox 89 1055 1031 1136; baseline 0 -14"><span class='ocrx_word' id='word_1_59' title='bbox 89 1057 129 1122; x_wconf 87' lang='lat' dir='ltr'><strong>ab</strong></span> <span class='ocrx_word' id='word_1_60' title='bbox 152 1057 220 1123; x_wconf 83' lang='lat' dir='ltr'><strong>aliis</strong></span> <span class='ocrx_word' id='word_1_61' title='bbox 243 1058 400 1136; x_wconf 81' lang='lat' dir='ltr'><strong>audirent,</strong></span> <span class='ocrx_word' id='word_1_62' title='bbox 427 1058 588 1124; x_wconf 79' lang='lat' dir='ltr'><strong>statuisset</strong></span> <span class='ocrx_word' id='word_1_63' title='bbox 604 1055 790 1124; x_wconf 82' lang='lat' dir='ltr'><strong>Aduatucos</strong></span> <span class='ocrx_word' id='word_1_64' title='bbox 813 1079 883 1124; x_wconf 90' lang='lat' dir='ltr'><strong>esse</strong></span> <span class='ocrx_word' id='word_1_65' title='bbox 905 1079 1031 1124; x_wconf 90' lang='lat' dir='ltr'><strong>conser-</strong></span> 
     </span>
     <span class='ocr_line' id='line_1_10' title="bbox 75 1151 1030 1239; baseline 0 -23"><span class='ocrx_word' id='word_1_66' title='bbox 75 1152 138 1230; x_wconf 84' lang='lat' dir='ltr'><strong>los,</strong></span> <span class='ocrx_word' id='word_1_67' title='bbox 155 1174 196 1216; x_wconf 94' lang='lat' dir='ltr'><strong>ne</strong></span> <span class='ocrx_word' id='word_1_68' title='bbox 214 1173 248 1217; x_wconf 90' lang='lat' dir='ltr'><strong>se</strong></span> <span class='ocrx_word' id='word_1_69' title='bbox 266 1153 360 1217; x_wconf 89' lang='lat' dir='ltr'><strong>armis</strong></span> <span class='ocrx_word' id='word_1_70' title='bbox 379 1151 575 1239; x_wconf 84' lang='lat' dir='ltr'><strong>despoliaret.</strong></span> <span class='ocrx_word' id='word_1_71' title='bbox 604 1151 665 1217; x_wconf 91' lang='lat' dir='ltr'><strong>sibi</strong></span> <span class='ocrx_word' id='word_1_72' title='bbox 682 1173 791 1218; x_wconf 92' lang='lat' dir='ltr'><strong>omnes</strong></span> <span class='ocrx_word' id='word_1_73' title='bbox 804 1151 870 1218; x_wconf 83' lang='lat' dir='ltr'><strong>fere</strong></span> <span class='ocrx_word' id='word_1_74' title='bbox 882 1151 1030 1217; x_wconf 89' lang='lat' dir='ltr'><strong>finitimos</strong></span> 
     </span>
     <span class='ocr_line' id='line_1_11' title="bbox 75 1245 1032 1331; baseline 0.002 -23"><span class='ocrx_word' id='word_1_75' title='bbox 75 1275 78 1308; x_wconf 71' lang='grc' dir='ltr'><strong>ι</strong></span> <span class='ocrx_word' id='word_1_76' title='bbox 96 1245 240 1311; x_wconf 90' lang='lat' dir='ltr'><strong>inimicos</strong></span> <span class='ocrx_word' id='word_1_77' title='bbox 258 1268 295 1311; x_wconf 89' lang='lat' dir='ltr'><strong>ac</strong></span> <span class='ocrx_word' id='word_1_78' title='bbox 313 1267 389 1312; x_wconf 90' lang='lat' dir='ltr'><strong>suae</strong></span> <span class='ocrx_word' id='word_1_79' title='bbox 406 1247 514 1312; x_wconf 88' lang='lat' dir='ltr'><strong>virtuti</strong></span> <span class='ocrx_word' id='word_1_80' title='bbox 529 1246 683 1325; x_wconf 86' lang='lat' dir='ltr'><strong>invidere;</strong></span> <span class='ocrx_word' id='word_1_81' title='bbox 702 1269 721 1311; x_wconf 91' lang='lat' dir='ltr'><strong>a</strong></span> <span class='ocrx_word' id='word_1_82' title='bbox 738 1245 852 1331; x_wconf 91' lang='lat' dir='ltr'><strong>quibus</strong></span> <span class='ocrx_word' id='word_1_83' title='bbox 871 1267 906 1312; x_wconf 91' lang='lat' dir='ltr'><strong>se</strong></span> <span class='ocrx_word' id='word_1_84' title='bbox 923 1245 1032 1311; x_wconf 84' lang='lat' dir='ltr'><strong>defen-</strong></span> 
     </span>
     <span class='ocr_line' id='line_1_12' title="bbox 75 1338 1031 1427; baseline 0.001 -24"><span class='ocrx_word' id='word_1_85' title='bbox 75 1364 80 1403; x_wconf 71' lang='grc' dir='ltr'><strong>ι</strong></span> <span class='ocrx_word' id='word_1_86' title='bbox 98 1339 218 1405; x_wconf 86' lang='lat' dir='ltr'><strong>traditis</strong></span> <span class='ocrx_word' id='word_1_87' title='bbox 236 1340 331 1405; x_wconf 92' lang='lat' dir='ltr'><strong>armis</strong></span> <span class='ocrx_word' id='word_1_88' title='bbox 349 1362 413 1405; x_wconf 93' lang='lat' dir='ltr'><strong>non</strong></span> <span class='ocrx_word' id='word_1_89' title='bbox 428 1348 568 1426; x_wconf 88' lang='lat' dir='ltr'><strong>possent.</strong></span> <span class='ocrx_word' id='word_1_90' title='bbox 600 1338 661 1405; x_wconf 85' lang='lat' dir='ltr'><strong>sibi</strong></span> <span class='ocrx_word' id='word_1_91' title='bbox 676 1348 845 1427; x_wconf 88' lang='lat' dir='ltr'><strong>praestare,</strong></span> <span class='ocrx_word' id='word_1_92' title='bbox 864 1340 891 1405; x_wconf 92' lang='lat' dir='ltr'><strong>si</strong></span> <span class='ocrx_word' id='word_1_93' title='bbox 907 1339 941 1404; x_wconf 93' lang='lat' dir='ltr'><strong>in</strong></span> <span class='ocrx_word' id='word_1_94' title='bbox 958 1360 1031 1404; x_wconf 90' lang='lat' dir='ltr'><strong>enm</strong></span> 
     </span>
     <span class='ocr_line' id='line_1_13' title="bbox 75 1432 1031 1519; baseline 0 -21"><span class='ocrx_word' id='word_1_95' title='bbox 75 1457 116 1498; x_wconf 89' lang='lat' dir='ltr'><strong>nn</strong></span> <span class='ocrx_word' id='word_1_96' title='bbox 134 1433 368 1512; x_wconf 78' lang='lat' dir='ltr'><strong>deducerentur,</strong></span> <span class='ocrx_word' id='word_1_97' title='bbox 386 1435 531 1519; x_wconf 89' lang='lat' dir='ltr'><strong>quamvis</strong></span> <span class='ocrx_word' id='word_1_98' title='bbox 549 1433 707 1500; x_wconf 84' lang='lat' dir='ltr'><strong>fortunam</strong></span> <span class='ocrx_word' id='word_1_99' title='bbox 725 1457 745 1498; x_wconf 94' lang='lat' dir='ltr'><strong>a</strong></span> <span class='ocrx_word' id='word_1_100' title='bbox 756 1432 873 1519; x_wconf 92' lang='lat' dir='ltr'><strong>populo</strong></span> <span class='ocrx_word' id='word_1_101' title='bbox 885 1433 1031 1499; x_wconf 86' lang='lat' dir='ltr'><strong>Romano</strong></span> 
     </span>
     <span class='ocr_line' id='line_1_14' title="bbox 77 1526 1031 1614; baseline 0.003 -23"><span class='ocrx_word' id='word_1_102' title='bbox 77 1576 86 1606; x_wconf 93' lang='lat'><strong>,</strong></span> <span class='ocrx_word' id='word_1_103' title='bbox 109 1550 204 1612; x_wconf 89' lang='lat' dir='ltr'><strong>quam</strong></span> <span class='ocrx_word' id='word_1_104' title='bbox 222 1527 261 1594; x_wconf 94' lang='lat' dir='ltr'><strong>ab</strong></span> <span class='ocrx_word' id='word_1_105' title='bbox 279 1528 329 1593; x_wconf 92' lang='lat' dir='ltr'><strong>his</strong></span> <span class='ocrx_word' id='word_1_106' title='bbox 346 1551 403 1614; x_wconf 90' lang='lat' dir='ltr'><strong>per</strong></span> <span class='ocrx_word' id='word_1_107' title='bbox 420 1529 592 1594; x_wconf 87' lang='lat' dir='ltr'><strong>cruciatum</strong></span> <span class='ocrx_word' id='word_1_108' title='bbox 608 1527 754 1606; x_wconf 87' lang='lat' dir='ltr'><strong>interfici,</strong></span> <span class='ocrx_word' id='word_1_109' title='bbox 777 1527 857 1593; x_wconf 90' lang='lat' dir='ltr'><strong>inter</strong></span> <span class='ocrx_word' id='word_1_110' title='bbox 878 1549 958 1612; x_wconf 91' lang='lat' dir='ltr'><strong>quos</strong></span> <span class='ocrx_word' id='word_1_111' title='bbox 975 1526 1031 1594; x_wconf 93' lang='lat' dir='ltr'><strong>do-</strong></span> 
     </span>
     <span class='ocr_line' id='line_1_15' title="bbox 75 1620 1081 1710; baseline 0.004 -24"><span class='ocrx_word' id='word_1_112' title='bbox 75 1623 119 1686; x_wconf 90' lang='lat' dir='ltr'><strong>ari</strong></span> <span class='ocrx_word' id='word_1_113' title='bbox 136 1631 348 1688; x_wconf 89' lang='lat' dir='ltr'><strong>consuessent.</strong></span> <span class='ocrx_word' id='word_1_114' title='bbox 393 1622 435 1687; x_wconf 86' lang='lat' dir='ltr'><strong>ad</strong></span> <span class='ocrx_word' id='word_1_115' title='bbox 451 1622 530 1688; x_wconf 89' lang='lat' dir='ltr'><strong>haec</strong></span> <span class='ocrx_word' id='word_1_116' title='bbox 548 1620 667 1688; x_wconf 81' lang='lat' dir='ltr'><strong>Caesar</strong></span> <span class='ocrx_word' id='word_1_117' title='bbox 683 1622 857 1708; x_wconf 87' lang='lat' dir='ltr'><strong>respondit:</strong></span> <span class='ocrx_word' id='word_1_118' title='bbox 877 1644 911 1688; x_wconf 90' lang='lat' dir='ltr'><strong>se</strong></span> <span class='ocrx_word' id='word_1_119' title='bbox 928 1623 1029 1710; x_wconf 86' lang='lat' dir='ltr'><strong>magis</strong></span> <span class='ocrx_word' id='word_1_120' title='bbox 1049 1641 1081 1690; x_wconf 79' lang='lat'><strong>32</strong></span> 
     </span>
     <span class='ocr_line' id='line_1_16' title="bbox 75 1715 1032 1801; baseline 0.003 -22"><span class='ocrx_word' id='word_1_121' title='bbox 75 1716 232 1780; x_wconf 81' lang='lat' dir='ltr'><strong>suetudine</strong></span> <span class='ocrx_word' id='word_1_122' title='bbox 250 1739 308 1782; x_wconf 89' lang='lat' dir='ltr'><strong>sua</strong></span> <span class='ocrx_word' id='word_1_123' title='bbox 324 1738 419 1801; x_wconf 89' lang='lat' dir='ltr'><strong>qnam</strong></span> <span class='ocrx_word' id='word_1_124' title='bbox 436 1717 547 1782; x_wconf 92' lang='lat' dir='ltr'><strong>merito</strong></span> <span class='ocrx_word' id='word_1_125' title='bbox 564 1737 673 1782; x_wconf 90' lang='lat' dir='ltr'><strong>eorum</strong></span> <span class='ocrx_word' id='word_1_126' title='bbox 690 1715 848 1782; x_wconf 84' lang='lat' dir='ltr'><strong>civitatem</strong></span> <span class='ocrx_word' id='word_1_127' title='bbox 865 1737 1032 1783; x_wconf 72' lang='lat' dir='ltr'><strong>conserva</strong></span> 
     </span>
     <span class='ocr_line' id='line_1_17' title="bbox 75 1810 1032 1899; baseline 0.003 -25"><span class='ocrx_word' id='word_1_128' title='bbox 75 1833 122 1887; x_wconf 86' lang='lat' dir='ltr'><strong>nn,</strong></span> <span class='ocrx_word' id='word_1_129' title='bbox 141 1810 169 1875; x_wconf 91' lang='lat' dir='ltr'><strong>si</strong></span> <span class='ocrx_word' id='word_1_130' title='bbox 185 1811 281 1896; x_wconf 90' lang='lat' dir='ltr'><strong>prius,</strong></span> <span class='ocrx_word' id='word_1_131' title='bbox 300 1832 395 1895; x_wconf 91' lang='lat' dir='ltr'><strong>quam</strong></span> <span class='ocrx_word' id='word_1_132' title='bbox 412 1811 493 1877; x_wconf 87' lang='lat' dir='ltr'><strong>aries</strong></span> <span class='ocrx_word' id='word_1_133' title='bbox 511 1833 636 1877; x_wconf 88' lang='lat' dir='ltr'><strong>murum</strong></span> <span class='ocrx_word' id='word_1_134' title='bbox 653 1811 823 1899; x_wconf 84' lang='lat' dir='ltr'><strong>attigisset,</strong></span> <span class='ocrx_word' id='word_1_135' title='bbox 843 1833 877 1878; x_wconf 91' lang='lat' dir='ltr'><strong>se</strong></span> <span class='ocrx_word' id='word_1_136' title='bbox 895 1811 1032 1877; x_wconf 92' lang='lat' dir='ltr'><strong>dedidis-</strong></span> 
     </span>
     <span class='ocr_line' id='line_1_18' title="bbox 75 1904 1031 1972; baseline 0.003 -5"><span class='ocrx_word' id='word_1_137' title='bbox 75 1929 91 1969; x_wconf 86' lang='lat'><strong>::</strong></span> <span class='ocrx_word' id='word_1_138' title='bbox 120 1904 176 1969; x_wconf 77' lang='lat' dir='ltr'><strong>aed</strong></span> <span class='ocrx_word' id='word_1_139' title='bbox 197 1905 362 1970; x_wconf 89' lang='lat' dir='ltr'><strong>deditionis</strong></span> <span class='ocrx_word' id='word_1_140' title='bbox 384 1904 502 1970; x_wconf 87' lang='lat' dir='ltr'><strong>nullam</strong></span> <span class='ocrx_word' id='word_1_141' title='bbox 523 1927 594 1972; x_wconf 90' lang='lat' dir='ltr'><strong>esse</strong></span> <span class='ocrx_word' id='word_1_142' title='bbox 616 1905 832 1971; x_wconf 90' lang='lat' dir='ltr'><strong>condicionem</strong></span> <span class='ocrx_word' id='word_1_143' title='bbox 853 1905 915 1972; x_wconf 91' lang='lat' dir='ltr'><strong>nisi</strong></span> <span class='ocrx_word' id='word_1_144' title='bbox 936 1905 1031 1970; x_wconf 92' lang='lat' dir='ltr'><strong>armis</strong></span> 
     </span>
     <span class='ocr_line' id='line_1_19' title="bbox 75 1998 1033 2083; baseline 0.001 -21"><span class='ocrx_word' id='word_1_145' title='bbox 75 1998 139 2063; x_wconf 87' lang='lat' dir='ltr'><strong>itis.</strong></span> <span class='ocrx_word' id='word_1_146' title='bbox 184 2019 218 2063; x_wconf 88' lang='lat' dir='ltr'><strong>se</strong></span> <span class='ocrx_word' id='word_1_147' title='bbox 235 1998 283 2078; x_wconf 93' lang='lat' dir='ltr'><strong>id,</strong></span> <span class='ocrx_word' id='word_1_148' title='bbox 305 1998 390 2083; x_wconf 90' lang='lat' dir='ltr'><strong>quod</strong></span> <span class='ocrx_word' id='word_1_149' title='bbox 405 1999 440 2064; x_wconf 92' lang='lat' dir='ltr'><strong>in</strong></span> <span class='ocrx_word' id='word_1_150' title='bbox 456 1998 580 2066; x_wconf 87' lang='lat' dir='ltr'><strong>Nerviis</strong></span> <span class='ocrx_word' id='word_1_151' title='bbox 598 1998 740 2077; x_wconf 77' lang='lat' dir='ltr'><strong>fecisset,</strong></span> <span class='ocrx_word' id='word_1_152' title='bbox 761 1999 918 2065; x_wconf 83' lang='lat' dir='ltr'><strong>facturum</strong></span> <span class='ocrx_word' id='word_1_153' title='bbox 939 1998 1033 2063; x_wconf 88' lang='lat' dir='ltr'><strong>finiti·</strong></span> 
     </span>
     <span class='ocr_line' id='line_1_20' title="bbox 75 2092 1032 2181; baseline 0.001 -24"><span class='ocrx_word' id='word_1_154' title='bbox 75 2115 131 2177; x_wconf 68' lang='lat' dir='ltr'><strong>gue</strong></span> <span class='ocrx_word' id='word_1_155' title='bbox 152 2093 391 2178; x_wconf 64' lang='lat' dir='ltr'><strong>immaturum,</strong></span> <span class='ocrx_word' id='word_1_156' title='bbox 417 2115 458 2159; x_wconf 88' lang='lat' dir='ltr'><strong>ne</strong></span> <span class='ocrx_word' id='word_1_157' title='bbox 480 2115 575 2178; x_wconf 82' lang='lat' dir='ltr'><strong>quam</strong></span> <span class='ocrx_word' id='word_1_158' title='bbox 597 2094 750 2160; x_wconf 81' lang='lat' dir='ltr'><strong>dediticiis</strong></span> <span class='ocrx_word' id='word_1_159' title='bbox 770 2093 880 2181; x_wconf 90' lang='lat' dir='ltr'><strong>populi</strong></span> <span class='ocrx_word' id='word_1_160' title='bbox 896 2092 1032 2158; x_wconf 80' lang='lat' dir='ltr'><strong>Romani</strong></span> 
     </span>
     <span class='ocr_line' id='line_1_21' title="bbox 75 2187 1032 2273; baseline 0.001 -22"><span class='ocrx_word' id='word_1_161' title='bbox 75 2187 153 2253; x_wconf 88' lang='lat' dir='ltr'><strong>riam</strong></span> <span class='ocrx_word' id='word_1_162' title='bbox 170 2187 328 2253; x_wconf 86' lang='lat' dir='ltr'><strong>inferrent.</strong></span> <span class='ocrx_word' id='word_1_163' title='bbox 370 2210 405 2254; x_wconf 88' lang='lat' dir='ltr'><strong>re</strong></span> <span class='ocrx_word' id='word_1_164' title='bbox 422 2189 564 2253; x_wconf 76' lang='lat' dir='ltr'><strong>nuntiata</strong></span> <span class='ocrx_word' id='word_1_165' title='bbox 580 2189 622 2254; x_wconf 91' lang='lat' dir='ltr'><strong>ad</strong></span> <span class='ocrx_word' id='word_1_166' title='bbox 639 2210 723 2267; x_wconf 92' lang='lat' dir='ltr'><strong>suos,</strong></span> <span class='ocrx_word' id='word_1_167' title='bbox 741 2209 822 2272; x_wconf 89' lang='lat' dir='ltr'><strong>quae</strong></span> <span class='ocrx_word' id='word_1_168' title='bbox 843 2188 1032 2273; x_wconf 90' lang='lat' dir='ltr'><strong>imperaren-</strong></span> 
     </span>
     <span class='ocr_line' id='line_1_22' title="bbox 87 2280 1031 2368; baseline 0.002 -23"><span class='ocrx_word' id='word_1_169' title='bbox 87 2280 191 2346; x_wconf 85' lang='lat' dir='ltr'><strong>faoere</strong></span> <span class='ocrx_word' id='word_1_170' title='bbox 204 2281 357 2347; x_wconf 87' lang='lat' dir='ltr'><strong>dixerunt.</strong></span> <span class='ocrx_word' id='word_1_171' title='bbox 380 2304 537 2348; x_wconf 88' lang='lat' dir='ltr'><strong>armorum</strong></span> <span class='ocrx_word' id='word_1_172' title='bbox 550 2305 666 2368; x_wconf 86' lang='lat' dir='ltr'><strong>magna</strong></span> <span class='ocrx_word' id='word_1_173' title='bbox 677 2280 877 2348; x_wconf 90' lang='lat' dir='ltr'><strong>multitudine</strong></span> <span class='ocrx_word' id='word_1_174' title='bbox 889 2282 929 2347; x_wconf 91' lang='lat' dir='ltr'><strong>de</strong></span> <span class='ocrx_word' id='word_1_175' title='bbox 942 2303 1031 2347; x_wconf 90' lang='lat' dir='ltr'><strong>muro</strong></span> 
     </span>
     <span class='ocr_line' id='line_1_23' title="bbox 75 2375 1031 2463; baseline 0.001 -24"><span class='ocrx_word' id='word_1_176' title='bbox 75 2376 193 2451; x_wconf 82' lang='lat' dir='ltr'><strong>ossam,</strong></span> <span class='ocrx_word' id='word_1_177' title='bbox 221 2396 301 2459; x_wconf 88' lang='lat' dir='ltr'><strong>quae</strong></span> <span class='ocrx_word' id='word_1_178' title='bbox 319 2385 385 2441; x_wconf 88' lang='lat' dir='ltr'><strong>erat</strong></span> <span class='ocrx_word' id='word_1_179' title='bbox 402 2385 474 2442; x_wconf 90' lang='lat' dir='ltr'><strong>ante</strong></span> <span class='ocrx_word' id='word_1_180' title='bbox 496 2376 661 2463; x_wconf 91' lang='lat' dir='ltr'><strong>oppidum,</strong></span> <span class='ocrx_word' id='word_1_181' title='bbox 687 2375 782 2454; x_wconf 89' lang='lat' dir='ltr'><strong>iacta,</strong></span> <span class='ocrx_word' id='word_1_182' title='bbox 810 2375 856 2442; x_wconf 89' lang='lat' dir='ltr'><strong>sic</strong></span> <span class='ocrx_word' id='word_1_183' title='bbox 877 2384 913 2441; x_wconf 91' lang='lat' dir='ltr'><strong>ut</strong></span> <span class='ocrx_word' id='word_1_184' title='bbox 933 2395 1031 2462; x_wconf 89' lang='lat' dir='ltr'><strong>prope</strong></span> 
     </span>
     <span class='ocr_line' id='line_1_24' title="bbox 75 2471 1032 2558; baseline 0.003 -24"><span class='ocrx_word' id='word_1_185' title='bbox 75 2493 167 2535; x_wconf 79' lang='lat' dir='ltr'><strong>tmam</strong></span> <span class='ocrx_word' id='word_1_186' title='bbox 191 2471 272 2535; x_wconf 90' lang='lat' dir='ltr'><strong>muri</strong></span> <span class='ocrx_word' id='word_1_187' title='bbox 298 2472 485 2558; x_wconf 83' lang='lat' dir='ltr'><strong>aggerisque</strong></span> <span class='ocrx_word' id='word_1_188' title='bbox 515 2471 710 2537; x_wconf 90' lang='lat' dir='ltr'><strong>altitudinem</strong></span> <span class='ocrx_word' id='word_1_189' title='bbox 741 2471 845 2537; x_wconf 85' lang='lat' dir='ltr'><strong>acervi</strong></span> <span class='ocrx_word' id='word_1_190' title='bbox 874 2493 1032 2537; x_wconf 86' lang='lat' dir='ltr'><strong>armorum</strong></span> 
     </span>
     <span class='ocr_line' id='line_1_25' title="bbox 75 2566 1032 2654; baseline 0.002 -24"><span class='ocrx_word' id='word_1_191' title='bbox 75 2575 229 2649; x_wconf 85' lang='lat' dir='ltr'><strong>equarent,</strong></span> <span class='ocrx_word' id='word_1_192' title='bbox 249 2576 279 2631; x_wconf 90' lang='lat' dir='ltr'><strong>et</strong></span> <span class='ocrx_word' id='word_1_193' title='bbox 296 2575 401 2632; x_wconf 90' lang='lat' dir='ltr'><strong>tamen</strong></span> <span class='ocrx_word' id='word_1_194' title='bbox 418 2567 539 2632; x_wconf 86' lang='lat' dir='ltr'><strong>circiter</strong></span> <span class='ocrx_word' id='word_1_195' title='bbox 555 2575 643 2653; x_wconf 86' lang='lat' dir='ltr'><strong>parte</strong></span> <span class='ocrx_word' id='word_1_196' title='bbox 660 2566 765 2646; x_wconf 85' lang='lat' dir='ltr'><strong>tertia,</strong></span> <span class='ocrx_word' id='word_1_197' title='bbox 783 2575 818 2632; x_wconf 90' lang='lat' dir='ltr'><strong>ut</strong></span> <span class='ocrx_word' id='word_1_198' title='bbox 835 2575 946 2653; x_wconf 89' lang='lat' dir='ltr'><strong>postea</strong></span> <span class='ocrx_word' id='word_1_199' title='bbox 961 2588 1032 2654; x_wconf 89' lang='lat' dir='ltr'><strong>per-</strong></span> 
     </span>
     <span class='ocr_line' id='line_1_26' title="bbox 75 2660 1032 2749; baseline 0.002 -24"><span class='ocrx_word' id='word_1_200' title='bbox 75 2672 154 2725; x_wconf 73' lang='lat' dir='ltr'><strong>&gt;tum</strong></span> <span class='ocrx_word' id='word_1_201' title='bbox 172 2670 233 2739; x_wconf 92' lang='lat' dir='ltr'><strong>est,</strong></span> <span class='ocrx_word' id='word_1_202' title='bbox 260 2660 359 2727; x_wconf 84' lang='lat' dir='ltr'><strong>celata</strong></span> <span class='ocrx_word' id='word_1_203' title='bbox 381 2670 474 2745; x_wconf 93' lang='lat' dir='ltr'><strong>atque</strong></span> <span class='ocrx_word' id='word_1_204' title='bbox 495 2662 529 2726; x_wconf 92' lang='lat' dir='ltr'><strong>in</strong></span> <span class='ocrx_word' id='word_1_205' title='bbox 547 2662 663 2748; x_wconf 92' lang='lat' dir='ltr'><strong>oppido</strong></span> <span class='ocrx_word' id='word_1_206' title='bbox 684 2672 805 2727; x_wconf 87' lang='lat' dir='ltr'><strong>retenta</strong></span> <span class='ocrx_word' id='word_1_207' title='bbox 825 2662 923 2748; x_wconf 91' lang='lat' dir='ltr'><strong>portis</strong></span> <span class='ocrx_word' id='word_1_208' title='bbox 945 2672 1032 2749; x_wconf 89' lang='lat' dir='ltr'><strong>pate-</strong></span> 
     </span>
     <span class='ocr_line' id='line_1_27' title="bbox 74 2755 1083 2843; baseline 0.005 -24"><span class='ocrx_word' id='word_1_209' title='bbox 74 2755 102 2820; x_wconf 91' lang='lat' dir='ltr'><strong>is</strong></span> <span class='ocrx_word' id='word_1_210' title='bbox 122 2776 159 2819; x_wconf 91' lang='lat' dir='ltr'><strong>eo</strong></span> <span class='ocrx_word' id='word_1_211' title='bbox 177 2755 227 2819; x_wconf 91' lang='lat' dir='ltr'><strong>die</strong></span> <span class='ocrx_word' id='word_1_212' title='bbox 244 2776 321 2840; x_wconf 92' lang='lat' dir='ltr'><strong>pace</strong></span> <span class='ocrx_word' id='word_1_213' title='bbox 339 2764 411 2820; x_wconf 91' lang='lat' dir='ltr'><strong>sunt</strong></span> <span class='ocrx_word' id='word_1_214' title='bbox 429 2756 487 2821; x_wconf 77' lang='lat' dir='ltr'><strong>usi.</strong></span> <span class='ocrx_word' id='word_1_215' title='bbox 528 2755 587 2822; x_wconf 93' lang='lat' dir='ltr'><strong>sub</strong></span> <span class='ocrx_word' id='word_1_216' title='bbox 605 2779 772 2843; x_wconf 87' lang='lat' dir='ltr'><strong>vesperum</strong></span> <span class='ocrx_word' id='word_1_217' title='bbox 791 2756 910 2824; x_wconf 86' lang='lat' dir='ltr'><strong>Caesar</strong></span> <span class='ocrx_word' id='word_1_218' title='bbox 925 2764 1031 2843; x_wconf 87' lang='lat' dir='ltr'><strong>portas</strong></span> <span class='ocrx_word' id='word_1_219' title='bbox 1051 2776 1083 2824; x_wconf 80' lang='lat'><strong>33</strong></span> 
     </span>
     <span class='ocr_line' id='line_1_28' title="bbox 75 2847 1033 2936; baseline 0.004 -24"><span class='ocrx_word' id='word_1_220' title='bbox 75 2849 115 2913; x_wconf 74' lang='lat' dir='ltr'><strong>rdi</strong></span> <span class='ocrx_word' id='word_1_221' title='bbox 135 2847 310 2933; x_wconf 88' lang='lat' dir='ltr'><strong>militesque</strong></span> <span class='ocrx_word' id='word_1_222' title='bbox 333 2870 373 2914; x_wconf 86' lang='lat' dir='ltr'><strong>ex</strong></span> <span class='ocrx_word' id='word_1_223' title='bbox 394 2849 510 2936; x_wconf 92' lang='lat' dir='ltr'><strong>oppido</strong></span> <span class='ocrx_word' id='word_1_224' title='bbox 528 2849 613 2915; x_wconf 89' lang='lat' dir='ltr'><strong>exire</strong></span> <span class='ocrx_word' id='word_1_225' title='bbox 629 2850 735 2929; x_wconf 89' lang='lat' dir='ltr'><strong>iussit,</strong></span> <span class='ocrx_word' id='word_1_226' title='bbox 762 2873 803 2917; x_wconf 90' lang='lat' dir='ltr'><strong>ne</strong></span> <span class='ocrx_word' id='word_1_227' title='bbox 825 2873 921 2936; x_wconf 89' lang='lat' dir='ltr'><strong>quam</strong></span> <span class='ocrx_word' id='word_1_228' title='bbox 937 2859 1033 2917; x_wconf 89' lang='lat' dir='ltr'><strong>noctu</strong></span> 
     </span>
     <span class='ocr_line' id='line_1_29' title="bbox 75 2942 1031 3032; baseline 0.001 -24"><span class='ocrx_word' id='word_1_229' title='bbox 75 2943 159 3009; x_wconf 89' lang='lat' dir='ltr'><strong>idani</strong></span> <span class='ocrx_word' id='word_1_230' title='bbox 176 2943 216 3009; x_wconf 89' lang='lat' dir='ltr'><strong>ab</strong></span> <span class='ocrx_word' id='word_1_231' title='bbox 232 2942 383 3009; x_wconf 92' lang='lat' dir='ltr'><strong>militibus</strong></span> <span class='ocrx_word' id='word_1_232' title='bbox 401 2944 546 3010; x_wconf 90' lang='lat' dir='ltr'><strong>iniuriam</strong></span> <span class='ocrx_word' id='word_1_233' title='bbox 563 2944 749 3032; x_wconf 89' lang='lat' dir='ltr'><strong>acciperent.</strong></span> <span class='ocrx_word' id='word_1_234' title='bbox 793 2944 839 3010; x_wconf 93' lang='lat' dir='ltr'><strong>illi</strong></span> <span class='ocrx_word' id='word_1_235' title='bbox 856 2954 928 3012; x_wconf 88' lang='lat' dir='ltr'><strong>anto</strong></span> <span class='ocrx_word' id='word_1_236' title='bbox 945 2945 1031 3022; x_wconf 90' lang='lat' dir='ltr'><strong>inito,</strong></span> 
     </span>
     <span class='ocr_line' id='line_1_30' title="bbox 74 3037 1032 3123; baseline 0.001 -21"><span class='ocrx_word' id='word_1_237' title='bbox 74 3037 255 3102; x_wconf 90' lang='lat' dir='ltr'><strong>ntellectum</strong></span> <span class='ocrx_word' id='word_1_238' title='bbox 273 3046 334 3117; x_wconf 89' lang='lat' dir='ltr'><strong>est,</strong></span> <span class='ocrx_word' id='word_1_239' title='bbox 362 3038 505 3117; x_wconf 90' lang='lat' dir='ltr'><strong>consilio,</strong></span> <span class='ocrx_word' id='word_1_240' title='bbox 533 3039 618 3123; x_wconf 91' lang='lat' dir='ltr'><strong>quod</strong></span> <span class='ocrx_word' id='word_1_241' title='bbox 636 3040 792 3105; x_wconf 90' lang='lat' dir='ltr'><strong>deditione</strong></span> <span class='ocrx_word' id='word_1_242' title='bbox 809 3039 894 3105; x_wconf 87' lang='lat' dir='ltr'><strong>faeta</strong></span> <span class='ocrx_word' id='word_1_243' title='bbox 910 3047 1032 3104; x_wconf 89' lang='lat' dir='ltr'><strong>nostros</strong></span> 
     </span>
     <span class='ocr_line' id='line_1_31' title="bbox 75 3131 1032 3220; baseline 0 -24"><span class='ocrx_word' id='word_1_244' title='bbox 75 3131 168 3196; x_wconf 74' lang='lat' dir='ltr'><strong>esidia</strong></span> <span class='ocrx_word' id='word_1_245' title='bbox 186 3132 374 3198; x_wconf 90' lang='lat' dir='ltr'><strong>deducturos</strong></span> <span class='ocrx_word' id='word_1_246' title='bbox 392 3141 446 3198; x_wconf 89' lang='lat' dir='ltr'><strong>aut</strong></span> <span class='ocrx_word' id='word_1_247' title='bbox 464 3132 598 3218; x_wconf 90' lang='lat' dir='ltr'><strong>denique</strong></span> <span class='ocrx_word' id='word_1_248' title='bbox 619 3133 833 3220; x_wconf 83' lang='lat' dir='ltr'><strong>indiligentius</strong></span> <span class='ocrx_word' id='word_1_249' title='bbox 856 3141 1032 3197; x_wconf 86' lang='lat' dir='ltr'><strong>servaturos</strong></span> 
     </span>
     <span class='ocr_line' id='line_1_32' title="bbox 75 3225 1032 3311; baseline 0.001 -22"><span class='ocrx_word' id='word_1_250' title='bbox 75 3225 216 3304; x_wconf 87' lang='lat' dir='ltr'><strong>liderant,</strong></span> <span class='ocrx_word' id='word_1_251' title='bbox 230 3226 342 3311; x_wconf 86' lang='lat' dir='ltr'><strong>partim</strong></span> <span class='ocrx_word' id='word_1_252' title='bbox 355 3247 427 3290; x_wconf 93' lang='lat' dir='ltr'><strong>cum</strong></span> <span class='ocrx_word' id='word_1_253' title='bbox 435 3226 494 3305; x_wconf 90' lang='lat' dir='ltr'><strong>his,</strong></span> <span class='ocrx_word' id='word_1_254' title='bbox 509 3248 590 3311; x_wconf 84' lang='lat' dir='ltr'><strong>quae</strong></span> <span class='ocrx_word' id='word_1_255' title='bbox 601 3229 791 3292; x_wconf 89' lang='lat' dir='ltr'><strong>retinuerant</strong></span> <span class='ocrx_word' id='word_1_256' title='bbox 803 3236 835 3291; x_wconf 92' lang='lat' dir='ltr'><strong>et</strong></span> <span class='ocrx_word' id='word_1_257' title='bbox 848 3225 1032 3304; x_wconf 88' lang='lat' dir='ltr'><strong>celaverant,</strong></span> 
     </span>
     <span class='ocr_line' id='line_1_33' title="bbox 75 3318 1033 3405; baseline 0.003 -22"><span class='ocrx_word' id='word_1_258' title='bbox 75 3319 117 3397; x_wconf 89' lang='lat' dir='ltr'><strong>is,</strong></span> <span class='ocrx_word' id='word_1_259' title='bbox 131 3320 246 3405; x_wconf 89' lang='lat' dir='ltr'><strong>partim</strong></span> <span class='ocrx_word' id='word_1_260' title='bbox 259 3320 354 3385; x_wconf 91' lang='lat' dir='ltr'><strong>scutis</strong></span> <span class='ocrx_word' id='word_1_261' title='bbox 370 3342 409 3386; x_wconf 92' lang='lat' dir='ltr'><strong>ex</strong></span> <span class='ocrx_word' id='word_1_262' title='bbox 422 3321 535 3387; x_wconf 90' lang='lat' dir='ltr'><strong>cortice</strong></span> <span class='ocrx_word' id='word_1_263' title='bbox 547 3321 639 3388; x_wconf 82' lang='lat' dir='ltr'><strong>factis</strong></span> <span class='ocrx_word' id='word_1_264' title='bbox 653 3330 706 3387; x_wconf 89' lang='lat' dir='ltr'><strong>ant</strong></span> <span class='ocrx_word' id='word_1_265' title='bbox 719 3318 887 3385; x_wconf 87' lang='lat' dir='ltr'><strong>viminibus</strong></span> <span class='ocrx_word' id='word_1_266' title='bbox 896 3319 1033 3398; x_wconf 86' lang='lat' dir='ltr'><strong>intextis,</strong></span> 
     </span>
     <span class='ocr_line' id='line_1_34' title="bbox 75 3413 1035 3503; baseline 0.001 -24"><span class='ocrx_word' id='word_1_267' title='bbox 75 3436 92 3479; x_wconf 93' lang='lat' dir='ltr'><strong>e</strong></span> <span class='ocrx_word' id='word_1_268' title='bbox 111 3413 225 3494; x_wconf 92' lang='lat' dir='ltr'><strong>subito,</strong></span> <span class='ocrx_word' id='word_1_269' title='bbox 243 3424 278 3479; x_wconf 91' lang='lat' dir='ltr'><strong>ut</strong></span> <span class='ocrx_word' id='word_1_270' title='bbox 295 3416 443 3501; x_wconf 90' lang='lat' dir='ltr'><strong>temporis</strong></span> <span class='ocrx_word' id='word_1_271' title='bbox 461 3416 616 3503; x_wconf 84' lang='lat' dir='ltr'><strong>exiguitas</strong></span> <span class='ocrx_word' id='word_1_272' title='bbox 633 3413 821 3502; x_wconf 83' lang='lat' dir='ltr'><strong>postulabat,</strong></span> <span class='ocrx_word' id='word_1_273' title='bbox 840 3413 973 3501; x_wconf 77' lang='lat' dir='ltr'><strong>pellibus</strong></span> <span class='ocrx_word' id='word_1_274' title='bbox 987 3415 1035 3480; x_wconf 91' lang='lat' dir='ltr'><strong>in·</strong></span> 
     </span>
     <span class='ocr_line' id='line_1_35' title="bbox 75 3508 1034 3596; baseline 0.002 -24"><span class='ocrx_word' id='word_1_275' title='bbox 75 3517 179 3587; x_wconf 89' lang='lat' dir='ltr'><strong>erant,</strong></span> <span class='ocrx_word' id='word_1_276' title='bbox 206 3508 295 3574; x_wconf 86' lang='lat' dir='ltr'><strong>tertia</strong></span> <span class='ocrx_word' id='word_1_277' title='bbox 320 3509 439 3596; x_wconf 85' lang='lat' dir='ltr'><strong>vigilia,</strong></span> <span class='ocrx_word' id='word_1_278' title='bbox 467 3532 529 3595; x_wconf 89' lang='lat' dir='ltr'><strong>qua</strong></span> <span class='ocrx_word' id='word_1_279' title='bbox 554 3510 681 3575; x_wconf 91' lang='lat' dir='ltr'><strong>minime</strong></span> <span class='ocrx_word' id='word_1_280' title='bbox 702 3508 819 3575; x_wconf 86' lang='lat' dir='ltr'><strong>arduus</strong></span> <span class='ocrx_word' id='word_1_281' title='bbox 845 3508 887 3575; x_wconf 86' lang='lat' dir='ltr'><strong>ad</strong></span> <span class='ocrx_word' id='word_1_282' title='bbox 911 3517 1034 3580; x_wconf 82' lang='lat' dir='ltr'><strong>nostras</strong></span> 
     </span>
     <span class='ocr_line' id='line_1_36' title="bbox 75 3601 1034 3689; baseline -0.001 -23"><span class='ocrx_word' id='word_1_283' title='bbox 75 3602 202 3667; x_wconf 74' lang='lat' dir='ltr'><strong>sitiones</strong></span> <span class='ocrx_word' id='word_1_284' title='bbox 221 3624 371 3668; x_wconf 82' lang='lat' dir='ltr'><strong>ascensus</strong></span> <span class='ocrx_word' id='word_1_285' title='bbox 388 3603 565 3681; x_wconf 88' lang='lat' dir='ltr'><strong>videbatur,</strong></span> <span class='ocrx_word' id='word_1_286' title='bbox 593 3602 738 3669; x_wconf 91' lang='lat' dir='ltr'><strong>omnibus</strong></span> <span class='ocrx_word' id='word_1_287' title='bbox 756 3603 855 3689; x_wconf 91' lang='lat' dir='ltr'><strong>copiis</strong></span> <span class='ocrx_word' id='word_1_288' title='bbox 872 3601 1034 3688; x_wconf 87' lang='lat' dir='ltr'><strong>repentino</strong></span> 
     </span>
     <span class='ocr_line' id='line_1_37' title="bbox 75 3695 1035 3783; baseline 0 -21"><span class='ocrx_word' id='word_1_289' title='bbox 75 3697 187 3783; x_wconf 89' lang='lat' dir='ltr'><strong>oppido</strong></span> <span class='ocrx_word' id='word_1_290' title='bbox 204 3698 399 3783; x_wconf 91' lang='lat' dir='ltr'><strong>eruptionem</strong></span> <span class='ocrx_word' id='word_1_291' title='bbox 417 3697 566 3763; x_wconf 82' lang='lat' dir='ltr'><strong>fecenmt.</strong></span> <span class='ocrx_word' id='word_1_292' title='bbox 607 3697 755 3777; x_wconf 87' lang='lat' dir='ltr'><strong>celeriter,</strong></span> <span class='ocrx_word' id='word_1_293' title='bbox 773 3707 809 3763; x_wconf 91' lang='lat' dir='ltr'><strong>ut</strong></span> <span class='ocrx_word' id='word_1_294' title='bbox 826 3705 897 3763; x_wconf 91' lang='lat' dir='ltr'><strong>ante</strong></span> <span class='ocrx_word' id='word_1_295' title='bbox 916 3695 1035 3762; x_wconf 86' lang='lat' dir='ltr'><strong>Caesar</strong></span> 
     </span>
     <span class='ocr_line' id='line_1_38' title="bbox 75 3791 1034 3880; baseline 0.001 -23"><span class='ocrx_word' id='word_1_296' title='bbox 75 3801 189 3871; x_wconf 84' lang='lat' dir='ltr'><strong>crarat,</strong></span> <span class='ocrx_word' id='word_1_297' title='bbox 208 3791 335 3879; x_wconf 85' lang='lat' dir='ltr'><strong>ignibus</strong></span> <span class='ocrx_word' id='word_1_298' title='bbox 354 3792 579 3880; x_wconf 86' lang='lat' dir='ltr'><strong>significatione</strong></span> <span class='ocrx_word' id='word_1_299' title='bbox 592 3792 676 3859; x_wconf 79' lang='lat' dir='ltr'><strong>facta</strong></span> <span class='ocrx_word' id='word_1_300' title='bbox 688 3814 728 3858; x_wconf 87' lang='lat' dir='ltr'><strong>ex</strong></span> <span class='ocrx_word' id='word_1_301' title='bbox 735 3793 885 3880; x_wconf 87' lang='lat' dir='ltr'><strong>proximis</strong></span> <span class='ocrx_word' id='word_1_302' title='bbox 899 3791 1034 3858; x_wconf 89' lang='lat' dir='ltr'><strong>castellis</strong></span> 
     </span>
     <span class='ocr_line' id='line_1_39' title="bbox 75 3886 1033 3975; baseline 0.001 -23"><span class='ocrx_word' id='word_1_303' title='bbox 75 3908 253 3953; x_wconf 69' lang='lat' dir='ltr'><strong>concursum</strong></span> <span class='ocrx_word' id='word_1_304' title='bbox 266 3897 323 3966; x_wconf 93' lang='lat' dir='ltr'><strong>est,</strong></span> <span class='ocrx_word' id='word_1_305' title='bbox 341 3897 576 3975; x_wconf 88' lang='lat' dir='ltr'><strong>pugnatumque</strong></span> <span class='ocrx_word' id='word_1_306' title='bbox 589 3887 629 3954; x_wconf 88' lang='lat' dir='ltr'><strong>ab</strong></span> <span class='ocrx_word' id='word_1_307' title='bbox 642 3886 784 3954; x_wconf 77' lang='lat' dir='ltr'><strong>hostibus</strong></span> <span class='ocrx_word' id='word_1_308' title='bbox 798 3886 842 3952; x_wconf 90' lang='lat' dir='ltr'><strong>ita</strong></span> <span class='ocrx_word' id='word_1_309' title='bbox 853 3886 966 3953; x_wconf 79' lang='lat' dir='ltr'><strong>aeriter</strong></span> <span class='ocrx_word' id='word_1_310' title='bbox 977 3895 1033 3966; x_wconf 89' lang='lat' dir='ltr'><strong>est,</strong></span> 
     </span>
     <span class='ocr_line' id='line_1_40' title="bbox 75 3980 1063 4081; baseline -0.002 -36"><span class='ocrx_word' id='word_1_311' title='bbox 75 4004 86 4045; x_wconf 86' lang='grc' dir='ltr'><strong>ι</strong></span> <span class='ocrx_word' id='word_1_312' title='bbox 102 3981 178 4046; x_wconf 89' lang='lat' dir='ltr'><strong>viris</strong></span> <span class='ocrx_word' id='word_1_313' title='bbox 195 3980 328 4047; x_wconf 82' lang='lat' dir='ltr'><strong>fortibus</strong></span> <span class='ocrx_word' id='word_1_314' title='bbox 346 3981 379 4046; x_wconf 92' lang='lat' dir='ltr'><strong>in</strong></span> <span class='ocrx_word' id='word_1_315' title='bbox 398 3990 537 4048; x_wconf 84' lang='lat' dir='ltr'><strong>extrema</strong></span> <span class='ocrx_word' id='word_1_316' title='bbox 554 4003 612 4071; x_wconf 89' lang='lat' dir='ltr'><strong>spo</strong></span> <span class='ocrx_word' id='word_1_317' title='bbox 629 3980 742 4050; x_wconf 83' lang='lat' dir='ltr'><strong>salutis</strong></span> <span class='ocrx_word' id='word_1_318' title='bbox 755 3980 960 4067; x_wconf 71' lang='lat' dir='ltr'><strong>imunolnco</strong></span> <span class='ocrx_word' id='word_1_319' title='bbox 970 4002 1063 4081; x_wconf 55' lang='lat' dir='ltr'><strong>oon-=</strong></span> 
     </span>
    </p>
   </div>
   <div class='ocr_carea' id='block_1_3' title="bbox 78 4074 1081 4170">
    <p class='ocr_par' dir='ltr' id='par_1_3' title="bbox 78 4074 1081 4170">
     <span class='ocr_line' id='line_1_41' title="bbox 78 4074 1081 4170; baseline 0.02 -34"><span class='ocrx_word' id='word_1_320' title='bbox 78 4095 143 4150; x_wconf 86' lang='lat' dir='ltr'><strong>eos,</strong></span> <span class='ocrx_word' id='word_1_321' title='bbox 171 4074 228 4158; x_wconf 86' lang='lat' dir='ltr'><strong>qui</strong></span> <span class='ocrx_word' id='word_1_322' title='bbox 247 4097 289 4141; x_wconf 88' lang='lat' dir='ltr'><strong>ex</strong></span> <span class='ocrx_word' id='word_1_323' title='bbox 310 4076 395 4144; x_wconf 82' lang='lat' dir='ltr'><strong>vallo</strong></span> <span class='ocrx_word' id='word_1_324' title='bbox 418 4077 630 4170; x_wconf 82' lang='lat' dir='ltr'><strong>turribusque</strong></span> <span class='ocrx_word' id='word_1_325' title='bbox 651 4078 721 4149; x_wconf 81' lang='lat' dir='ltr'><strong>tela</strong></span> <span class='ocrx_word' id='word_1_326' title='bbox 740 4078 910 4155; x_wconf 79' lang='lat' dir='ltr'><strong>iacerent,</strong></span> <span class='ocrx_word' id='word_1_327' title='bbox 929 4088 1081 4158; x_wconf 48' lang='grc' dir='ltr'><strong>ΝΜ</strong></span> 
     </span>
    </p>
   </div>
   <div class='ocr_carea' id='block_1_4' title="bbox 0 0 1213 4336">
    <p class='ocr_par' dir='ltr' id='par_1_4' title="bbox 0 0 1213 4336">
     <span class='ocr_line' id='line_1_42' title="bbox 0 0 1213 4336; baseline 0 0"><span class='ocrx_word' id='word_1_328' title='bbox 0 0 1213 4336; x_wconf 95' lang='lat' dir='ltr'><strong> </strong></span> 
     </span>
    </p>
   </div>
  </div>
 </body>
</html>
