2414 4336
329 244 447 304 cOMM.
464 246 529 304 Vll
547 247 664 303 'te-80.
840 262 841 266 ’
937 236 1006 303 ’149

75 374 130 440 site
146 371 310 439 finitimam
329 368 480 452 Galliam,
505 392 588 457 quae
604 372 637 436 in
658 370 850 457 provinciam
867 371 1002 454 redacta

75 480 104 536 et
126 469 250 557 legibus
273 466 482 546 commutatis,
511 466 672 534 securibus
695 463 835 532 subiecta
854 478 1005 554 perpetua

75 566 135 630 itur
161 561 328 630 servitute?
371 561 532 628 sententiis
559 561 650 627 dictis
676 560 881 639 constituunt,
911 570 947 627 ut
971 561 1003 640 ii,
1023 581 1055 631 aa

75 659 234 725 aletudine
255 666 310 722 aut
332 665 433 722 aetate
455 655 580 721 inutiles
599 665 672 720 sunt
693 653 790 733 bello,
816 654 933 742 oppido
950 677 1005 721 ex-

75 764 109 832 it,
134 761 228 837 atque
250 752 355 817 omnia
375 750 462 837 prius
485 749 696 837 experiantur,
722 771 817 834 quam
838 750 879 816 ad
903 748 1005 817 Orito·

86 845 274 913 sententiam
295 845 499 912 descendant:
526 845 579 912 illo
601 854 707 910 tamen
726 845 831 931 potius
853 844 1005 911 utendum

75 942 126 1022 b'o,
146 941 184 1007 -si
204 962 254 1006 res
272 949 365 1027 cogat
386 947 480 1024 atque
501 939 618 1005 auxilia
640 947 811 1018 morentur,
839 960 934 1023 quam
951 948 1006 1005 aut

75 1037 150 1103 onis
168 1044 222 1101 aut
238 1034 325 1121 pacis
344 1033 540 1101 subeundam
557 1032 785 1099 condicionem.
828 1031 1004 1112 Mandubii,

75 1153 113 1198 os
140 1128 257 1216 oppido
282 1137 476 1214 receperant,
503 1149 576 1194 cum
601 1126 709 1193 liberis
735 1135 829 1211 atque
854 1125 1004 1194 uxoribus

82 1231 248 1311 cogsmtur.
292 1221 339 1302 hi,
361 1243 434 1287 eum
456 1222 497 1287 ad
512 1220 701 1287 munitiones
718 1220 932 1287 Romanorum
953 1243 1005 1288 ac-

77 1327 162 1396 sent,
180 1316 290 1382 tientes
308 1315 452 1384 omnibus
469 1315 614 1404 precibus
631 1312 771 1393 orabant,
789 1324 825 1380 ut
842 1337 877 1382 ee
889 1316 923 1381 in
941 1338 1005 1382 ser-

77 1437 112 1477 m
140 1421 283 1497 receptos
309 1410 381 1476 cibo
401 1410 553 1476 iuvarent.
597 1418 629 1475 at
652 1407 771 1475 Caesar
792 1408 950 1495 dispositis
972 1411 1005 1476 in

79 1505 233 1572 custodiis
250 1504 347 1592 recipi
362 1503 557 1591 prohibebat.
592 1504 710 1569 interea
728 1501 890 1569 Commius
908 1512 940 1570 et
955 1525 1005 1570 re·
1023 1524 1054 1574 79

78 1601 191 1678 duces,
218 1599 332 1685 quibus
359 1621 483 1665 summa
507 1598 630 1685 imperii
650 1597 804 1684 permissa
826 1607 904 1677 erat,
932 1619 1004 1665 eum

75 1718 129 1762 rus
152 1694 249 1779 copiis
272 1693 313 1758 ad
328 1690 472 1759 Alesiam
492 1692 678 1780 perveniunt
699 1700 730 1759 et
751 1691 830 1759 colle
852 1694 1004 1760 exteriore

75 1798 135 1854 »ato
156 1809 220 1853 non
241 1787 365 1875 longius
387 1787 471 1853 mille
491 1786 639 1873 passibus
660 1786 701 1853 ab
722 1786 837 1853 nostris
859 1787 1005 1855 munitio-

95 1881 270 1948 considunt.
313 1889 440 1967 postero
462 1880 513 1948 die
535 1881 675 1967 equitatu
697 1903 737 1948 ex
759 1881 869 1948 caetris
891 1883 1004 1951 educto

75 2000 107 2041 m
130 1998 200 2042 eam
220 1975 403 2063 planicieme
428 1997 523 2061 quam
539 1975 573 2041 in
589 1975 817 2062 longitudinem
838 1975 898 2042 tria
918 1975 1005 2043 milia

75 2093 134 2136 um
150 2078 257 2156 patere
279 2069 576 2148 demonstravimus,
605 2069 761 2156 complent
781 2069 1004 2156 pedestresque

75 2163 239 2252 spaulum
261 2164 301 2231 ab
327 2187 365 2230 co
386 2164 456 2231 loco
482 2162 604 2231 abditas
630 2164 663 2228 in
688 2161 766 2229 locis
793 2163 1003 2249 superioribus

75 2262 181 2325 ituunt.
213 2267 279 2325 erat
296 2280 337 2325 ex
353 2258 468 2346 oppido
486 2257 596 2325 Alesia
613 2258 778 2344 despectus
796 2257 830 2322 in
846 2280 1002 2346 campum.

75 2363 169 2420 urunt
185 2354 234 2420 his
252 2353 375 2419 auxiliis
392 2353 471 2420 visis
476 2378 485 2434 ;
503 2354 539 2419 fit
556 2351 720 2440 gratulatio
737 2352 818 2418 inter
836 2375 891 2420 eos
910 2362 1003 2438 atque

75 2472 121 2514 rm
144 2448 239 2513 animi
260 2448 301 2514 ad
321 2446 471 2514 laetitiam
492 2447 675 2513 excitantur.
718 2446 823 2531 itaque
844 2447 1003 2533 productis

75 2570 79 2608 ι
99 2552 170 2609 ante
193 2543 343 2629 oppidum
365 2543 531 2610 considunt
553 2551 584 2608 et
604 2541 779 2629 proximam
800 2542 920 2609 fossam
937 2566 1005 2610 cra

82 2636 226 2724 integunt
243 2649 336 2722 atque
354 2660 469 2725 aggere
486 2637 612 2726 explent
633 2659 729 2723 seque
747 2638 788 2703 ad
811 2638 1003 2725 eruptionem

93 2753 202 2799 omnes
221 2753 313 2797 casus
332 2741 521 2818 comparant.
567 2732 686 2800 Caesar
702 2733 787 2800 omni
809 2733 947 2799 exercitu
963 2734 1004 2799 ad
1021 2751 1054 2802 80

75 2848 147 2911 tque
160 2834 280 2912 partem
292 2827 499 2893 munitionum
512 2826 676 2914 disposito,
694 2838 739 2907 ut,
759 2829 786 2894 si
798 2851 877 2894 usus
890 2829 1004 2908 veniat,

93 2921 227 3005 quisque
247 2920 352 2986 locum
374 2929 478 2987 teneat
494 2930 526 2987 et
546 2920 680 3000 noverit,
703 2923 875 3007 equitatum
896 2944 936 2989 ex
953 2946 1005 2990 oa

75 3015 165 3081 educi
183 3024 214 3081 et
230 3015 382 3102 proelium
404 3016 555 3083 committi
570 3016 667 3085 iubet.
712 3026 778 3082 erat
795 3040 835 3083 ex
857 3018 1002 3084 omnibus

75 3133 107 3189 s,
136 3131 215 3194 quae
234 3131 392 3175 summum
413 3110 550 3195 undique
573 3111 683 3198 iugum
706 3109 865 3190 tenebant,
892 3112 1005 3198 despe-

102 3213 195 3288 atque
230 3226 338 3270 omnes
372 3206 486 3272 milites
520 3206 631 3273 intenti
659 3228 785 3293 pugnae
818 3215 1004 3292 proventum

75 3297 217 3364 rotabant.
262 3295 346 3365 Galli
371 3300 452 3366 inter
482 3301 602 3386 equites
632 3322 719 3367 raros
746 3299 923 3386 sagittarios
951 3322 1004 3365 ex-

75 3415 168 3478 osque
184 3393 263 3459 levis
281 3403 455 3460 armaturae
471 3395 700 3472 interimerent,
727 3394 782 3479 qui
804 3392 870 3459 suis
893 3395 1004 3461 ceden-

89 3488 205 3554 auxilio
227 3497 442 3556 succurrerent
463 3499 493 3555 et
510 3498 688 3556 nostrorum
710 3489 850 3572 equitum
866 3486 1002 3576 impetus

75 3594 181 3648 terent.
229 3581 270 3650 ab
300 3582 349 3649 his
379 3583 555 3670 complures
585 3584 624 3649 de
649 3583 819 3669 improviso
850 3582 1005 3649 vulnerati

75 3678 101 3742 io
119 3675 320 3744 excedebant
348 3699 419 3744 oum
438 3700 511 3744 suos
528 3700 636 3764 pugna
649 3677 823 3763 superiores
836 3697 906 3744 esse
921 3673 1005 3744 Galli

75 3773 175 3838 ierent
193 3781 224 3837 et
240 3780 363 3839 nostros
381 3772 578 3840 multitudine
595 3771 695 3859 premi
712 3771 862 3850 viderent,
881 3792 922 3837 ex
938 3792 1005 3837 om-

75 3910 76 3925 1
93 3866 234 3952 partibus
252 3875 283 3932 et
295 3867 327 3945 ii,
344 3868 400 3952 qui
411 3866 638 3933 munitionibus
651 3863 897 3945 continebantur,
916 3865 1003 3945 ethi,

75 3961 97 4024 d
114 3960 265 4026 auxilium
282 3969 503 4040 convenerant,
529 3961 664 4028 elamore
682 3970 713 4028 et
734 3959 855 4026 ululatu
876 3981 1004 4026 suorum

75 4074 98 4117 »s
123 4053 363 4123 confirmabant.
413 4056 504 4151 quod
532 4057 570 4132 iu
600 4063 780 4152 conspectu
804 4054 953 4125 omnium
969 4075 1031 4119 res
