<?xml version="1.0" encoding="UTF-8"?>
<!DOCTYPE html PUBLIC "-//W3C//DTD XHTML 1.0 Transitional//EN"
    "http://www.w3.org/TR/xhtml1/DTD/xhtml1-transitional.dtd">
<html xmlns="http://www.w3.org/1999/xhtml" xml:lang="en" lang="en">
 <head>
  <title>
</title>
<meta http-equiv="Content-Type" content="text/html;charset=utf-8" />
  <meta name='ocr-system' content='tesseract 3.04.00' />
  <meta name='ocr-capabilities' content='ocr_page ocr_carea ocr_par ocr_line ocrx_word'/>
</head>
<body>
  <div class='ocr_page' id='page_1' title='image "./ciuliicaesarisc01krangoog_0054.png"; bbox 0 0 2414 4336; ppageno 0'>
   <div class='ocr_carea' id='block_1_1' title="bbox 164 277 868 344">
    <p class='ocr_par' dir='ltr' id='par_1_1' title="bbox 164 277 868 344">
     <span class='ocr_line' id='line_1_1' title="bbox 164 277 868 344; baseline -0.001 -2"><span class='ocrx_word' id='word_1_1' title='bbox 164 277 206 344; x_wconf 89' lang='grc'><strong>48</strong></span> <span class='ocrx_word' id='word_1_2' title='bbox 484 286 538 342; x_wconf 82' lang='grc' dir='ltr'><strong>ΒΕ</strong></span> <span class='ocrx_word' id='word_1_3' title='bbox 555 285 682 342; x_wconf 84' lang='lat' dir='ltr'>BELLO</span> <span class='ocrx_word' id='word_1_4' title='bbox 702 285 868 343; x_wconf 80' lang='lat' dir='ltr'>GALLIOO</span> 
     </span>
    </p>
   </div>
   <div class='ocr_carea' id='block_1_2' title="bbox 117 410 1207 4077">
    <p class='ocr_par' dir='ltr' id='par_1_2' title="bbox 117 410 1207 4077">
     <span class='ocr_line' id='line_1_2' title="bbox 169 410 1207 507; baseline -0.002 -30"><span class='ocrx_word' id='word_1_5' title='bbox 169 410 251 477; x_wconf 89' lang='lat' dir='ltr'><strong>vada</strong></span> <span class='ocrx_word' id='word_1_6' title='bbox 267 432 304 477; x_wconf 87' lang='lat' dir='ltr'><strong>ac</strong></span> <span class='ocrx_word' id='word_1_7' title='bbox 322 411 486 479; x_wconf 77' lang='lat' dir='ltr'>decessum</span> <span class='ocrx_word' id='word_1_8' title='bbox 503 419 609 496; x_wconf 81' lang='lat' dir='ltr'><strong>aestrrs</strong></span> <span class='ocrx_word' id='word_1_9' title='bbox 627 410 769 496; x_wconf 83' lang='lat' dir='ltr'><strong>excipere</strong></span> <span class='ocrx_word' id='word_1_10' title='bbox 785 418 931 496; x_wconf 84' lang='lat' dir='ltr'><strong>possent3</strong></span> <span class='ocrx_word' id='word_1_11' title='bbox 952 429 1071 496; x_wconf 83' lang='lat' dir='ltr'><strong>prorae</strong></span> <span class='ocrx_word' id='word_1_12' title='bbox 1093 428 1168 465; x_wconf 56' lang='lat' dir='ltr'><strong>oo</strong></span> <span class='ocrx_word' id='word_1_13' title='bbox 1201 456 1207 507; x_wconf 63' lang='grc' dir='ltr'>Ι</span> 
     </span>
     <span class='ocr_line' id='line_1_3' title="bbox 169 503 1207 590; baseline 0.001 -20"><span class='ocrx_word' id='word_1_14' title='bbox 169 506 245 571; x_wconf 93' lang='lat' dir='ltr'><strong>dum</strong></span> <span class='ocrx_word' id='word_1_15' title='bbox 270 515 390 572; x_wconf 91' lang='lat' dir='ltr'><strong>erectae</strong></span> <span class='ocrx_word' id='word_1_16' title='bbox 416 514 509 590; x_wconf 84' lang='lat' dir='ltr'><strong>atque</strong></span> <span class='ocrx_word' id='word_1_17' title='bbox 534 505 609 571; x_wconf 84' lang='lat' dir='ltr'><strong>item</strong></span> <span class='ocrx_word' id='word_1_18' title='bbox 634 526 755 590; x_wconf 84' lang='lat' dir='ltr'><strong>puppes</strong></span> <span class='ocrx_word' id='word_1_19' title='bbox 786 504 827 570; x_wconf 90' lang='lat' dir='ltr'><strong>ad</strong></span> <span class='ocrx_word' id='word_1_20' title='bbox 850 503 1105 590; x_wconf 72' lang='lat' dir='ltr'><strong>magnitudinem</strong></span> <span class='ocrx_word' id='word_1_21' title='bbox 1138 517 1157 558; x_wconf 53' lang='grc' dir='ltr'><strong>ἓν</strong></span> <span class='ocrx_word' id='word_1_22' title='bbox 1201 548 1207 578; x_wconf 86' lang='grc'><strong><em>.</em></strong></span> 
     </span>
     <span class='ocr_line' id='line_1_4' title="bbox 168 598 1207 686; baseline -0.004 -20"><span class='ocrx_word' id='word_1_23' title='bbox 168 608 275 666; x_wconf 92' lang='lat' dir='ltr'><strong>ctuum</strong></span> <span class='ocrx_word' id='word_1_24' title='bbox 293 609 574 686; x_wconf 76' lang='lat' dir='ltr'><strong>tempestatumque</strong></span> <span class='ocrx_word' id='word_1_25' title='bbox 591 598 857 676; x_wconf 62' lang='lat' dir='ltr'><strong>accommodatam</strong></span> <span class='ocrx_word' id='word_1_26' title='bbox 874 619 973 664; x_wconf 86' lang='lat' dir='ltr'><strong>navea</strong></span> <span class='ocrx_word' id='word_1_27' title='bbox 990 606 1079 663; x_wconf 79' lang='lat' dir='ltr'><strong>totae</strong></span> <span class='ocrx_word' id='word_1_28' title='bbox 1120 628 1149 651; x_wconf 56' lang='lat' dir='ltr'><strong>&lt;u</strong></span> <span class='ocrx_word' id='word_1_29' title='bbox 1206 655 1207 670; x_wconf 68' lang='grc'>,</span> 
     </span>
     <span class='ocr_line' id='line_1_5' title="bbox 169 691 1167 778; baseline 0.003 -19"><span class='ocrx_word' id='word_1_30' title='bbox 169 715 209 759; x_wconf 86' lang='lat' dir='ltr'><strong>ex</strong></span> <span class='ocrx_word' id='word_1_31' title='bbox 224 694 335 761; x_wconf 85' lang='lat' dir='ltr'>robore</span> <span class='ocrx_word' id='word_1_32' title='bbox 353 694 395 760; x_wconf 88' lang='lat' dir='ltr'><strong>ad</strong></span> <span class='ocrx_word' id='word_1_33' title='bbox 415 694 559 778; x_wconf 90' lang='lat' dir='ltr'><strong>quamvis</strong></span> <span class='ocrx_word' id='word_1_34' title='bbox 581 693 647 759; x_wconf 90' lang='lat' dir='ltr'><strong>vim</strong></span> <span class='ocrx_word' id='word_1_35' title='bbox 664 702 695 758; x_wconf 89' lang='lat' dir='ltr'><strong>et</strong></span> <span class='ocrx_word' id='word_1_36' title='bbox 713 691 934 759; x_wconf 74' lang='lat' dir='ltr'><strong>contumeliam</strong></span> <span class='ocrx_word' id='word_1_37' title='bbox 965 722 992 748; x_wconf 62' lang='grc' dir='ltr'><strong>«ι</strong></span> <span class='ocrx_word' id='word_1_38' title='bbox 1037 722 1050 745; x_wconf 65' lang='lat'><strong>-2</strong></span> <span class='ocrx_word' id='word_1_39' title='bbox 1071 722 1095 747; x_wconf 54' lang='grc' dir='ltr'><strong>ι·</strong></span> <span class='ocrx_word' id='word_1_40' title='bbox 1110 720 1167 762; x_wconf 61' lang='lat' dir='ltr'><strong>m</strong></span> 
     </span>
     <span class='ocr_line' id='line_1_6' title="bbox 169 784 1171 873; baseline -0.001 -19"><span class='ocrx_word' id='word_1_41' title='bbox 169 797 304 854; x_wconf 90' lang='lat' dir='ltr'><strong>transtra</strong></span> <span class='ocrx_word' id='word_1_42' title='bbox 324 787 488 873; x_wconf 88' lang='lat' dir='ltr'><strong>pedalibus</strong></span> <span class='ocrx_word' id='word_1_43' title='bbox 508 788 543 852; x_wconf 92' lang='lat' dir='ltr'><strong>in</strong></span> <span class='ocrx_word' id='word_1_44' title='bbox 564 786 758 852; x_wconf 76' lang='lat' dir='ltr'><strong>altitudinem</strong></span> <span class='ocrx_word' id='word_1_45' title='bbox 779 785 920 852; x_wconf 75' lang='lat' dir='ltr'><strong>trabibus</strong></span> <span class='ocrx_word' id='word_1_46' title='bbox 946 785 1074 859; x_wconf 75' lang='lat' dir='ltr'><strong>confixa</strong></span> <span class='ocrx_word' id='word_1_47' title='bbox 1095 784 1171 853; x_wconf 55' lang='lat' dir='ltr'><strong>ota*</strong></span> 
     </span>
     <span class='ocr_line' id='line_1_7' title="bbox 168 879 1163 969; baseline 0.004 -22"><span class='ocrx_word' id='word_1_48' title='bbox 168 882 277 947; x_wconf 75' lang='lat' dir='ltr'><strong>ferreis</strong></span> <span class='ocrx_word' id='word_1_49' title='bbox 304 882 394 969; x_wconf 88' lang='lat' dir='ltr'><strong>digiti</strong></span> <span class='ocrx_word' id='word_1_50' title='bbox 419 880 540 968; x_wconf 90' lang='lat' dir='ltr'><strong>pollicis</strong></span> <span class='ocrx_word' id='word_1_51' title='bbox 567 879 786 960; x_wconf 85' lang='lat' dir='ltr'><strong>crassitudine3</strong></span> <span class='ocrx_word' id='word_1_52' title='bbox 817 902 952 947; x_wconf 85' lang='lat' dir='ltr'><strong>ancorae</strong></span> <span class='ocrx_word' id='word_1_53' title='bbox 977 902 1039 967; x_wconf 84' lang='lat' dir='ltr'><strong>pre</strong></span> <span class='ocrx_word' id='word_1_54' title='bbox 1074 911 1091 939; x_wconf 75' lang='lat'><strong><em>¹</em></strong></span> <span class='ocrx_word' id='word_1_55' title='bbox 1109 910 1142 935; x_wconf 59' lang='lat'><strong>¹1·</strong></span> <span class='ocrx_word' id='word_1_56' title='bbox 1155 905 1163 919; x_wconf 44' lang='lat' dir='ltr'><em>f</em></span> 
     </span>
     <span class='ocr_line' id='line_1_8' title="bbox 168 973 1207 1061; baseline 0.003 -21"><span class='ocrx_word' id='word_1_57' title='bbox 168 975 277 1041; x_wconf 86' lang='lat' dir='ltr'><strong>ferreis</strong></span> <span class='ocrx_word' id='word_1_58' title='bbox 291 975 408 1041; x_wconf 88' lang='lat' dir='ltr'><strong>catenis</strong></span> <span class='ocrx_word' id='word_1_59' title='bbox 421 976 592 1053; x_wconf 60' lang='lat' dir='ltr'><strong>revinctam</strong></span> <span class='ocrx_word' id='word_1_60' title='bbox 609 973 707 1061; x_wconf 91' lang='lat' dir='ltr'><strong>pelles</strong></span> <span class='ocrx_word' id='word_1_61' title='bbox 719 996 777 1060; x_wconf 89' lang='lat' dir='ltr'><strong>pro</strong></span> <span class='ocrx_word' id='word_1_62' title='bbox 784 974 864 1041; x_wconf 83' lang='lat' dir='ltr'><strong>velis</strong></span> <span class='ocrx_word' id='word_1_63' title='bbox 877 974 1048 1061; x_wconf 86' lang='lat' dir='ltr'><strong>alutaeque</strong></span> <span class='ocrx_word' id='word_1_64' title='bbox 1060 983 1134 1043; x_wconf 60' lang='lat' dir='ltr'><strong>tero</strong></span> <span class='ocrx_word' id='word_1_65' title='bbox 1149 1005 1160 1027; x_wconf 36' lang='grc' dir='ltr'><strong>τ’</strong></span> <span class='ocrx_word' id='word_1_66' title='bbox 1205 975 1207 1058; x_wconf 59' lang='lat' dir='ltr'>j</span> 
     </span>
     <span class='ocr_line' id='line_1_9' title="bbox 168 1069 1205 1157; baseline 0.002 -20"><span class='ocrx_word' id='word_1_67' title='bbox 168 1071 343 1149; x_wconf 86' lang='lat' dir='ltr'><strong>confectae,</strong></span> <span class='ocrx_word' id='word_1_68' title='bbox 368 1069 429 1136; x_wconf 89' lang='lat' dir='ltr'><strong>bae</strong></span> <span class='ocrx_word' id='word_1_69' title='bbox 447 1071 513 1136; x_wconf 87' lang='lat' dir='ltr'><strong>sive</strong></span> <span class='ocrx_word' id='word_1_70' title='bbox 534 1079 662 1156; x_wconf 91' lang='lat' dir='ltr'><strong>propter</strong></span> <span class='ocrx_word' id='word_1_71' title='bbox 676 1070 733 1135; x_wconf 88' lang='lat' dir='ltr'><strong>lini</strong></span> <span class='ocrx_word' id='word_1_72' title='bbox 754 1071 893 1157; x_wconf 85' lang='lat' dir='ltr'><strong>inopiam</strong></span> <span class='ocrx_word' id='word_1_73' title='bbox 913 1081 1012 1156; x_wconf 87' lang='lat' dir='ltr'><strong>atque</strong></span> <span class='ocrx_word' id='word_1_74' title='bbox 1027 1071 1099 1139; x_wconf 74' lang='lat' dir='ltr'><strong>nias</strong></span> <span class='ocrx_word' id='word_1_75' title='bbox 1122 1099 1176 1125; x_wconf 58' lang='lat' dir='ltr'>w</span> <span class='ocrx_word' id='word_1_76' title='bbox 1204 1070 1205 1075; x_wconf 66' lang='grc'>’</span> 
     </span>
     <span class='ocr_line' id='line_1_10' title="bbox 168 1164 1149 1252; baseline 0 -21"><span class='ocrx_word' id='word_1_77' title='bbox 168 1165 371 1243; x_wconf 86' lang='lat' dir='ltr'><strong>inscientiam,</strong></span> <span class='ocrx_word' id='word_1_78' title='bbox 390 1164 456 1230; x_wconf 87' lang='lat' dir='ltr'><strong>sive</strong></span> <span class='ocrx_word' id='word_1_79' title='bbox 474 1186 521 1242; x_wconf 91' lang='lat' dir='ltr'><strong>eo,</strong></span> <span class='ocrx_word' id='word_1_80' title='bbox 539 1165 624 1248; x_wconf 89' lang='lat' dir='ltr'><strong>quod</strong></span> <span class='ocrx_word' id='word_1_81' title='bbox 640 1173 689 1231; x_wconf 88' lang='lat' dir='ltr'><strong>eat</strong></span> <span class='ocrx_word' id='word_1_82' title='bbox 704 1164 807 1252; x_wconf 86' lang='lat' dir='ltr'><strong>magis</strong></span> <span class='ocrx_word' id='word_1_83' title='bbox 823 1164 1002 1244; x_wconf 80' lang='lat' dir='ltr'><strong>verisimile,</strong></span> <span class='ocrx_word' id='word_1_84' title='bbox 1021 1164 1109 1250; x_wconf 87' lang='lat' dir='ltr'><strong>quod</strong></span> <span class='ocrx_word' id='word_1_85' title='bbox 1130 1192 1149 1216; x_wconf 57' lang='grc' dir='ltr'><em>ν</em></span> 
     </span>
     <span class='ocr_line' id='line_1_11' title="bbox 168 1254 1207 1346; baseline 0.004 -21"><span class='ocrx_word' id='word_1_86' title='bbox 168 1268 216 1325; x_wconf 83' lang='lat' dir='ltr'><strong>tas</strong></span> <span class='ocrx_word' id='word_1_87' title='bbox 233 1267 433 1346; x_wconf 90' lang='lat' dir='ltr'><strong>tempestates</strong></span> <span class='ocrx_word' id='word_1_88' title='bbox 449 1257 572 1326; x_wconf 88' lang='lat' dir='ltr'><strong>Oceani</strong></span> <span class='ocrx_word' id='word_1_89' title='bbox 584 1267 748 1343; x_wconf 87' lang='lat' dir='ltr'><strong>tantosque</strong></span> <span class='ocrx_word' id='word_1_90' title='bbox 766 1258 902 1345; x_wconf 89' lang='lat' dir='ltr'><strong>impetus</strong></span> <span class='ocrx_word' id='word_1_91' title='bbox 916 1267 1087 1325; x_wconf 82' lang='lat' dir='ltr'><strong>ventorum</strong></span> <span class='ocrx_word' id='word_1_92' title='bbox 1098 1254 1172 1329; x_wconf 76' lang='lat' dir='ltr'><strong>sut</strong></span> <span class='ocrx_word' id='word_1_93' title='bbox 1196 1279 1207 1302; x_wconf 59' lang='lat'><strong>¹*</strong></span> 
     </span>
     <span class='ocr_line' id='line_1_12' title="bbox 167 1352 1207 1439; baseline 0.001 -21"><span class='ocrx_word' id='word_1_94' title='bbox 167 1353 234 1419; x_wconf 91' lang='lat' dir='ltr'><strong>neri</strong></span> <span class='ocrx_word' id='word_1_95' title='bbox 250 1375 289 1420; x_wconf 90' lang='lat' dir='ltr'><strong>ac</strong></span> <span class='ocrx_word' id='word_1_96' title='bbox 305 1362 392 1420; x_wconf 85' lang='lat' dir='ltr'><strong>tanta</strong></span> <span class='ocrx_word' id='word_1_97' title='bbox 408 1375 502 1419; x_wconf 89' lang='lat' dir='ltr'><strong>onera</strong></span> <span class='ocrx_word' id='word_1_98' title='bbox 518 1353 647 1419; x_wconf 87' lang='lat' dir='ltr'><strong>navium</strong></span> <span class='ocrx_word' id='word_1_99' title='bbox 663 1353 732 1439; x_wconf 88' lang='lat' dir='ltr'><strong>regi</strong></span> <span class='ocrx_word' id='word_1_100' title='bbox 752 1352 831 1419; x_wconf 87' lang='lat' dir='ltr'><strong>velis</strong></span> <span class='ocrx_word' id='word_1_101' title='bbox 848 1375 914 1419; x_wconf 92' lang='lat' dir='ltr'><strong>non</strong></span> <span class='ocrx_word' id='word_1_102' title='bbox 929 1352 1009 1421; x_wconf 76' lang='lat' dir='ltr'><strong>sads</strong></span> <span class='ocrx_word' id='word_1_103' title='bbox 1035 1382 1092 1410; x_wconf 67' lang='lat' dir='ltr'><strong>oo</strong></span> <span class='ocrx_word' id='word_1_104' title='bbox 1108 1380 1153 1409; x_wconf 57' lang='lat' dir='ltr'><strong>uc</strong></span> <span class='ocrx_word' id='word_1_105' title='bbox 1201 1372 1207 1396; x_wconf 78' lang='lat'>³</span> 
     </span>
     <span class='ocr_line' id='line_1_13' title="bbox 167 1446 1204 1535; baseline 0.001 -21"><span class='ocrx_word' id='word_1_106' title='bbox 167 1469 262 1535; x_wconf 81' lang='lat' dir='ltr'><strong>posce</strong></span> <span class='ocrx_word' id='word_1_107' title='bbox 278 1447 514 1515; x_wconf 83' lang='lat' dir='ltr'><strong>arbitrabantur.</strong></span> <span class='ocrx_word' id='word_1_108' title='bbox 546 1469 618 1514; x_wconf 93' lang='lat' dir='ltr'><strong>cum</strong></span> <span class='ocrx_word' id='word_1_109' title='bbox 635 1447 684 1513; x_wconf 90' lang='lat' dir='ltr'><strong>his</strong></span> <span class='ocrx_word' id='word_1_110' title='bbox 702 1446 837 1513; x_wconf 89' lang='lat' dir='ltr'><strong>navibus</strong></span> <span class='ocrx_word' id='word_1_111' title='bbox 853 1455 979 1514; x_wconf 89' lang='lat' dir='ltr'><strong>nostrae</strong></span> <span class='ocrx_word' id='word_1_112' title='bbox 997 1446 1095 1515; x_wconf 83' lang='lat' dir='ltr'><strong>classi</strong></span> <span class='ocrx_word' id='word_1_113' title='bbox 1116 1474 1145 1503; x_wconf 58' lang='lat' dir='ltr'><strong>zu</strong></span> <span class='ocrx_word' id='word_1_114' title='bbox 1168 1465 1169 1470; x_wconf 74' lang='grc'>’</span> <span class='ocrx_word' id='word_1_115' title='bbox 1200 1475 1204 1487; x_wconf 8' lang='grc' dir='ltr'><strong>γ’</strong></span> 
     </span>
     <span class='ocr_line' id='line_1_14' title="bbox 167 1541 1170 1630; baseline 0.001 -22"><span class='ocrx_word' id='word_1_116' title='bbox 167 1543 253 1609; x_wconf 91' lang='lat' dir='ltr'><strong>modi</strong></span> <span class='ocrx_word' id='word_1_117' title='bbox 270 1564 458 1630; x_wconf 88' lang='lat' dir='ltr'><strong>congressus</strong></span> <span class='ocrx_word' id='word_1_118' title='bbox 477 1552 552 1621; x_wconf 89' lang='lat' dir='ltr'><strong>crat,</strong></span> <span class='ocrx_word' id='word_1_119' title='bbox 570 1550 605 1607; x_wconf 91' lang='lat' dir='ltr'><strong>ut</strong></span> <span class='ocrx_word' id='word_1_120' title='bbox 621 1564 685 1608; x_wconf 87' lang='lat' dir='ltr'><strong>una</strong></span> <span class='ocrx_word' id='word_1_121' title='bbox 701 1541 858 1608; x_wconf 87' lang='lat' dir='ltr'><strong>celeritate</strong></span> <span class='ocrx_word' id='word_1_122' title='bbox 875 1551 907 1607; x_wconf 88' lang='lat' dir='ltr'><strong>et</strong></span> <span class='ocrx_word' id='word_1_123' title='bbox 922 1541 1020 1629; x_wconf 85' lang='lat' dir='ltr'><strong>pulsu</strong></span> <span class='ocrx_word' id='word_1_124' title='bbox 1059 1571 1094 1597; x_wconf 61' lang='grc' dir='ltr'><strong>ἰι</strong></span> <span class='ocrx_word' id='word_1_125' title='bbox 1109 1572 1122 1597; x_wconf 66' lang='lat' dir='ltr'><em>v</em></span> <span class='ocrx_word' id='word_1_126' title='bbox 1140 1569 1170 1594; x_wconf 77' lang='lat'><em>1</em></span> 
     </span>
     <span class='ocr_line' id='line_1_15' title="bbox 167 1635 1207 1741; baseline -0.001 -39"><span class='ocrx_word' id='word_1_127' title='bbox 167 1645 351 1723; x_wconf 68' lang='lat' dir='ltr'><strong>praestaret,</strong></span> <span class='ocrx_word' id='word_1_128' title='bbox 376 1636 496 1720; x_wconf 87' lang='lat' dir='ltr'><strong>reliqua</strong></span> <span class='ocrx_word' id='word_1_129' title='bbox 516 1657 573 1721; x_wconf 90' lang='lat' dir='ltr'><strong>pro</strong></span> <span class='ocrx_word' id='word_1_130' title='bbox 593 1635 654 1701; x_wconf 91' lang='lat' dir='ltr'><strong>loci</strong></span> <span class='ocrx_word' id='word_1_131' title='bbox 675 1644 799 1713; x_wconf 83' lang='lat' dir='ltr'><strong>natma,</strong></span> <span class='ocrx_word' id='word_1_132' title='bbox 826 1658 884 1722; x_wconf 92' lang='lat' dir='ltr'><strong>pro</strong></span> <span class='ocrx_word' id='word_1_133' title='bbox 909 1636 943 1700; x_wconf 89' lang='lat' dir='ltr'><strong>vi</strong></span> <span class='ocrx_word' id='word_1_134' title='bbox 968 1643 1092 1722; x_wconf 81' lang='lat' dir='ltr'><strong>tempas</strong></span> <span class='ocrx_word' id='word_1_135' title='bbox 1111 1664 1151 1690; x_wconf 66' lang='grc' dir='ltr'><strong>τυι</strong></span> <span class='ocrx_word' id='word_1_136' title='bbox 1192 1655 1207 1741; x_wconf 55' lang='lat'><strong>3¹</strong></span> 
     </span>
     <span class='ocr_line' id='line_1_16' title="bbox 167 1729 1207 1815; baseline 0.001 -19"><span class='ocrx_word' id='word_1_137' title='bbox 167 1729 228 1796; x_wconf 90' lang='lat' dir='ltr'><strong>illis</strong></span> <span class='ocrx_word' id='word_1_138' title='bbox 250 1740 355 1796; x_wconf 88' lang='lat' dir='ltr'><strong>essent</strong></span> <span class='ocrx_word' id='word_1_139' title='bbox 376 1730 496 1815; x_wconf 89' lang='lat' dir='ltr'><strong>aptiora</strong></span> <span class='ocrx_word' id='word_1_140' title='bbox 518 1738 549 1795; x_wconf 93' lang='lat' dir='ltr'><strong>et</strong></span> <span class='ocrx_word' id='word_1_141' title='bbox 571 1729 861 1796; x_wconf 78' lang='lat' dir='ltr'><strong>accommodatiora.</strong></span> <span class='ocrx_word' id='word_1_142' title='bbox 904 1751 1009 1813; x_wconf 86' lang='lat' dir='ltr'><strong>neque</strong></span> <span class='ocrx_word' id='word_1_143' title='bbox 1035 1729 1120 1797; x_wconf 86' lang='lat' dir='ltr'><strong>enim</strong></span> <span class='ocrx_word' id='word_1_144' title='bbox 1143 1760 1146 1784; x_wconf 69' lang='grc' dir='ltr'>ι</span> <span class='ocrx_word' id='word_1_145' title='bbox 1202 1746 1207 1770; x_wconf 69' lang='lat'><strong>&#39;¹</strong></span> 
     </span>
     <span class='ocr_line' id='line_1_17' title="bbox 167 1822 1165 1910; baseline 0.003 -20"><span class='ocrx_word' id='word_1_146' title='bbox 167 1832 292 1891; x_wconf 87' lang='lat' dir='ltr'><strong>nostrae</strong></span> <span class='ocrx_word' id='word_1_147' title='bbox 309 1831 410 1890; x_wconf 88' lang='lat' dir='ltr'><strong>rostro</strong></span> <span class='ocrx_word' id='word_1_148' title='bbox 426 1846 539 1890; x_wconf 88' lang='lat' dir='ltr'><strong>nocere</strong></span> <span class='ocrx_word' id='word_1_149' title='bbox 555 1833 698 1910; x_wconf 86' lang='lat' dir='ltr'><strong>poterant</strong></span> <span class='ocrx_word' id='word_1_150' title='bbox 715 1822 817 1909; x_wconf 85' lang='lat' dir='ltr'><strong>(tanta</strong></span> <span class='ocrx_word' id='word_1_151' title='bbox 828 1824 862 1889; x_wconf 91' lang='lat' dir='ltr'><strong>in</strong></span> <span class='ocrx_word' id='word_1_152' title='bbox 875 1824 913 1890; x_wconf 91' lang='lat' dir='ltr'><strong>iis</strong></span> <span class='ocrx_word' id='word_1_153' title='bbox 927 1833 995 1889; x_wconf 89' lang='lat' dir='ltr'><strong>erat</strong></span> <span class='ocrx_word' id='word_1_154' title='bbox 1006 1822 1165 1893; x_wconf 73' lang='lat' dir='ltr'><strong>firmatudt</strong></span> 
     </span>
     <span class='ocr_line' id='line_1_18' title="bbox 167 1917 1207 2022; baseline -0.003 -38"><span class='ocrx_word' id='word_1_155' title='bbox 167 1939 269 2002; x_wconf 89' lang='lat' dir='ltr'><strong>neque</strong></span> <span class='ocrx_word' id='word_1_156' title='bbox 286 1926 412 2004; x_wconf 88' lang='lat' dir='ltr'><strong>propter</strong></span> <span class='ocrx_word' id='word_1_157' title='bbox 431 1917 629 1984; x_wconf 85' lang='lat' dir='ltr'><strong>altitudinem</strong></span> <span class='ocrx_word' id='word_1_158' title='bbox 650 1918 744 1984; x_wconf 82' lang='lat' dir='ltr'><strong>facile</strong></span> <span class='ocrx_word' id='word_1_159' title='bbox 761 1918 858 1984; x_wconf 89' lang='lat' dir='ltr'><strong>telum</strong></span> <span class='ocrx_word' id='word_1_160' title='bbox 881 1917 1076 1985; x_wconf 82' lang='lat' dir='ltr'><strong>adiciebatur</strong></span> <span class='ocrx_word' id='word_1_161' title='bbox 1089 1926 1123 1985; x_wconf 86' lang='lat' dir='ltr'><strong>et</strong></span> <span class='ocrx_word' id='word_1_162' title='bbox 1142 1922 1169 1981; x_wconf 66' lang='grc' dir='ltr'><strong>ιῗ</strong></span> <span class='ocrx_word' id='word_1_163' title='bbox 1196 1965 1207 2022; x_wconf 69' lang='grc' dir='ltr'>Ι</span> 
     </span>
     <span class='ocr_line' id='line_1_19' title="bbox 168 2011 1207 2116; baseline 0.005 -39"><span class='ocrx_word' id='word_1_164' title='bbox 168 2012 240 2077; x_wconf 92' lang='lat' dir='ltr'><strong>dem</strong></span> <span class='ocrx_word' id='word_1_165' title='bbox 266 2011 305 2077; x_wconf 92' lang='lat' dir='ltr'><strong>de</strong></span> <span class='ocrx_word' id='word_1_166' title='bbox 336 2033 431 2078; x_wconf 87' lang='lat' dir='ltr'><strong>causa</strong></span> <span class='ocrx_word' id='word_1_167' title='bbox 460 2013 563 2078; x_wconf 93' lang='lat' dir='ltr'><strong>minus</strong></span> <span class='ocrx_word' id='word_1_168' title='bbox 593 2013 758 2079; x_wconf 91' lang='lat' dir='ltr'><strong>commode</strong></span> <span class='ocrx_word' id='word_1_169' title='bbox 788 2012 908 2099; x_wconf 90' lang='lat' dir='ltr'><strong>copulis</strong></span> <span class='ocrx_word' id='word_1_170' title='bbox 938 2011 1170 2081; x_wconf 78' lang='lat' dir='ltr'><strong>confinebmta</strong></span> <span class='ocrx_word' id='word_1_171' title='bbox 1198 2039 1207 2116; x_wconf 64' lang='lat' dir='ltr'><strong>p</strong></span> 
     </span>
     <span class='ocr_line' id='line_1_20' title="bbox 167 2105 1207 2210; baseline 0.003 -38"><span class='ocrx_word' id='word_1_172' title='bbox 167 2105 349 2184; x_wconf 73' lang='lat' dir='ltr'><strong>adcedebat,</strong></span> <span class='ocrx_word' id='word_1_173' title='bbox 376 2115 424 2183; x_wconf 87' lang='lat' dir='ltr'><strong>ut,</strong></span> <span class='ocrx_word' id='word_1_174' title='bbox 451 2127 523 2171; x_wconf 92' lang='lat' dir='ltr'><strong>cum</strong></span> <span class='ocrx_word' id='word_1_175' title='bbox 541 2107 662 2173; x_wconf 77' lang='lat' dir='ltr'><strong>saevim</strong></span> <span class='ocrx_word' id='word_1_176' title='bbox 679 2115 793 2173; x_wconf 89' lang='lat' dir='ltr'><strong>ventus</strong></span> <span class='ocrx_word' id='word_1_177' title='bbox 815 2106 970 2192; x_wconf 88' lang='lat' dir='ltr'><strong>coepisset</strong></span> <span class='ocrx_word' id='word_1_178' title='bbox 993 2115 1026 2173; x_wconf 89' lang='lat' dir='ltr'><strong>et</strong></span> <span class='ocrx_word' id='word_1_179' title='bbox 1043 2127 1080 2173; x_wconf 90' lang='lat' dir='ltr'><strong>se</strong></span> <span class='ocrx_word' id='word_1_180' title='bbox 1096 2110 1172 2175; x_wconf 73' lang='lat' dir='ltr'><strong>vecti</strong></span> <span class='ocrx_word' id='word_1_181' title='bbox 1200 2128 1207 2210; x_wconf 61' lang='lat' dir='ltr'><strong>p</strong></span> 
     </span>
     <span class='ocr_line' id='line_1_21' title="bbox 168 2199 1207 2300; baseline 0.007 -36"><span class='ocrx_word' id='word_1_182' title='bbox 168 2199 336 2278; x_wconf 88' lang='lat' dir='ltr'><strong>dedissent,</strong></span> <span class='ocrx_word' id='word_1_183' title='bbox 354 2209 386 2265; x_wconf 89' lang='lat' dir='ltr'><strong>et</strong></span> <span class='ocrx_word' id='word_1_184' title='bbox 403 2209 619 2287; x_wconf 77' lang='lat' dir='ltr'><strong>tempestatem</strong></span> <span class='ocrx_word' id='word_1_185' title='bbox 637 2200 754 2266; x_wconf 85' lang='lat' dir='ltr'><strong>ferrent</strong></span> <span class='ocrx_word' id='word_1_186' title='bbox 771 2200 895 2266; x_wconf 79' lang='lat' dir='ltr'><strong>facilius</strong></span> <span class='ocrx_word' id='word_1_187' title='bbox 912 2201 993 2267; x_wconf 89' lang='lat' dir='ltr'><strong>etin</strong></span> <span class='ocrx_word' id='word_1_188' title='bbox 1011 2199 1104 2271; x_wconf 76' lang='lat' dir='ltr'><strong>vadia</strong></span> <span class='ocrx_word' id='word_1_189' title='bbox 1123 2228 1157 2254; x_wconf 45' lang='grc' dir='ltr'><strong>»ν</strong></span> <span class='ocrx_word' id='word_1_190' title='bbox 1202 2248 1207 2300; x_wconf 66' lang='grc' dir='ltr'>Ι</span> 
     </span>
     <span class='ocr_line' id='line_1_22' title="bbox 167 2293 1207 2395; baseline -0.001 -34"><span class='ocrx_word' id='word_1_191' title='bbox 167 2295 312 2361; x_wconf 85' lang='lat' dir='ltr'><strong>sisterent</strong></span> <span class='ocrx_word' id='word_1_192' title='bbox 332 2295 429 2361; x_wconf 90' lang='lat' dir='ltr'><strong>tutius</strong></span> <span class='ocrx_word' id='word_1_193' title='bbox 451 2302 484 2361; x_wconf 89' lang='lat' dir='ltr'><strong>et</strong></span> <span class='ocrx_word' id='word_1_194' title='bbox 505 2293 545 2360; x_wconf 90' lang='lat' dir='ltr'><strong>ab</strong></span> <span class='ocrx_word' id='word_1_195' title='bbox 567 2303 658 2361; x_wconf 88' lang='lat' dir='ltr'><strong>aestu</strong></span> <span class='ocrx_word' id='word_1_196' title='bbox 677 2294 804 2360; x_wconf 89' lang='lat' dir='ltr'><strong>relictae</strong></span> <span class='ocrx_word' id='word_1_197' title='bbox 825 2293 903 2359; x_wconf 93' lang='lat' dir='ltr'><strong>nihil</strong></span> <span class='ocrx_word' id='word_1_198' title='bbox 930 2315 1008 2360; x_wconf 86' lang='lat' dir='ltr'><strong>saxa</strong></span> <span class='ocrx_word' id='word_1_199' title='bbox 1028 2303 1062 2360; x_wconf 90' lang='lat' dir='ltr'><strong>et</strong></span> <span class='ocrx_word' id='word_1_200' title='bbox 1082 2300 1175 2367; x_wconf 74' lang='lat' dir='ltr'><strong>cantat</strong></span> <span class='ocrx_word' id='word_1_201' title='bbox 1203 2320 1207 2395; x_wconf 46' lang='lat' dir='ltr'><strong>p</strong></span> 
     </span>
     <span class='ocr_line' id='line_1_23' title="bbox 166 2387 1207 2474; baseline 0.004 -19"><span class='ocrx_word' id='word_1_202' title='bbox 166 2389 324 2468; x_wconf 74' lang='lat' dir='ltr'><strong>timerent,</strong></span> <span class='ocrx_word' id='word_1_203' title='bbox 350 2411 483 2474; x_wconf 89' lang='lat' dir='ltr'><strong>quarum</strong></span> <span class='ocrx_word' id='word_1_204' title='bbox 508 2410 612 2454; x_wconf 89' lang='lat' dir='ltr'><strong>rerum</strong></span> <span class='ocrx_word' id='word_1_205' title='bbox 637 2389 777 2455; x_wconf 93' lang='lat' dir='ltr'><strong>omnium</strong></span> <span class='ocrx_word' id='word_1_206' title='bbox 798 2389 913 2455; x_wconf 88' lang='lat' dir='ltr'><strong>nostris</strong></span> <span class='ocrx_word' id='word_1_207' title='bbox 938 2387 1075 2455; x_wconf 85' lang='lat' dir='ltr'><strong>navibus</strong></span> <span class='ocrx_word' id='word_1_208' title='bbox 1097 2398 1176 2459; x_wconf 63' lang='lat' dir='ltr'><strong>wat</strong></span> <span class='ocrx_word' id='word_1_209' title='bbox 1206 2439 1207 2462; x_wconf 45' lang='lat' dir='ltr'><strong>r</strong></span> 
     </span>
     <span class='ocr_line' id='line_1_24' title="bbox 117 2479 1178 2570; baseline -0.002 -19"><span class='ocrx_word' id='word_1_210' title='bbox 117 2502 149 2551; x_wconf 80' lang='lat'><strong>14</strong></span> <span class='ocrx_word' id='word_1_211' title='bbox 166 2493 233 2549; x_wconf 83' lang='lat' dir='ltr'><strong>erat</strong></span> <span class='ocrx_word' id='word_1_212' title='bbox 245 2482 506 2549; x_wconf 79' lang='lat' dir='ltr'><strong>extimescendas.</strong></span> <span class='ocrx_word' id='word_1_213' title='bbox 535 2481 746 2568; x_wconf 88' lang='lat' dir='ltr'><strong>compluribus</strong></span> <span class='ocrx_word' id='word_1_214' title='bbox 762 2482 951 2570; x_wconf 83' lang='lat' dir='ltr'><strong>expugnatis</strong></span> <span class='ocrx_word' id='word_1_215' title='bbox 969 2481 1096 2568; x_wconf 86' lang='lat' dir='ltr'><strong>oppidis</strong></span> <span class='ocrx_word' id='word_1_216' title='bbox 1109 2479 1178 2549; x_wconf 71' lang='lat' dir='ltr'><strong>ea</strong></span> 
     </span>
     <span class='ocr_line' id='line_1_25' title="bbox 166 2575 1178 2659; baseline 0.003 -17"><span class='ocrx_word' id='word_1_217' title='bbox 166 2599 231 2654; x_wconf 87' lang='lat' dir='ltr'><strong>sar,</strong></span> <span class='ocrx_word' id='word_1_218' title='bbox 258 2575 313 2641; x_wconf 92' lang='lat' dir='ltr'><strong>ubi</strong></span> <span class='ocrx_word' id='word_1_219' title='bbox 337 2576 488 2641; x_wconf 85' lang='lat' dir='ltr'><strong>intellexit</strong></span> <span class='ocrx_word' id='word_1_220' title='bbox 514 2575 631 2642; x_wconf 83' lang='lat' dir='ltr'><strong>frustra</strong></span> <span class='ocrx_word' id='word_1_221' title='bbox 655 2585 776 2642; x_wconf 87' lang='lat' dir='ltr'><strong>tantum</strong></span> <span class='ocrx_word' id='word_1_222' title='bbox 801 2575 940 2643; x_wconf 87' lang='lat' dir='ltr'><strong>laborem</strong></span> <span class='ocrx_word' id='word_1_223' title='bbox 963 2575 1062 2655; x_wconf 90' lang='lat' dir='ltr'><strong>sumi,</strong></span> <span class='ocrx_word' id='word_1_224' title='bbox 1088 2592 1178 2659; x_wconf 66' lang='lat' dir='ltr'><strong>nequ·</strong></span> 
     </span>
     <span class='ocr_line' id='line_1_26' title="bbox 166 2665 1180 2757; baseline 0.008 -23"><span class='ocrx_word' id='word_1_225' title='bbox 166 2669 304 2736; x_wconf 88' lang='lat' dir='ltr'><strong>hostium</strong></span> <span class='ocrx_word' id='word_1_226' title='bbox 329 2669 440 2756; x_wconf 85' lang='lat' dir='ltr'><strong>fugam</strong></span> <span class='ocrx_word' id='word_1_227' title='bbox 465 2670 563 2755; x_wconf 88' lang='lat' dir='ltr'><strong>captis</strong></span> <span class='ocrx_word' id='word_1_228' title='bbox 589 2670 712 2757; x_wconf 88' lang='lat' dir='ltr'><strong>oppidis</strong></span> <span class='ocrx_word' id='word_1_229' title='bbox 738 2671 866 2756; x_wconf 86' lang='lat' dir='ltr'><strong>reprimi</strong></span> <span class='ocrx_word' id='word_1_230' title='bbox 890 2692 992 2757; x_wconf 87' lang='lat' dir='ltr'><strong>neque</strong></span> <span class='ocrx_word' id='word_1_231' title='bbox 1017 2671 1059 2737; x_wconf 87' lang='lat' dir='ltr'><strong>iis</strong></span> <span class='ocrx_word' id='word_1_232' title='bbox 1084 2665 1180 2742; x_wconf 74' lang='lat' dir='ltr'><strong>rusi</strong></span> 
     </span>
     <span class='ocr_line' id='line_1_27' title="bbox 165 2761 1181 2852; baseline 0.003 -22"><span class='ocrx_word' id='word_1_233' title='bbox 165 2785 275 2852; x_wconf 89' lang='lat' dir='ltr'><strong>posse,</strong></span> <span class='ocrx_word' id='word_1_234' title='bbox 298 2764 405 2829; x_wconf 86' lang='lat' dir='ltr'><strong>statuit</strong></span> <span class='ocrx_word' id='word_1_235' title='bbox 422 2765 664 2849; x_wconf 88' lang='lat' dir='ltr'><strong>exspectandam</strong></span> <span class='ocrx_word' id='word_1_236' title='bbox 685 2764 828 2832; x_wconf 86' lang='lat' dir='ltr'><strong>classem.</strong></span> <span class='ocrx_word' id='word_1_237' title='bbox 872 2787 953 2851; x_wconf 89' lang='lat' dir='ltr'><strong>quae</strong></span> <span class='ocrx_word' id='word_1_238' title='bbox 970 2763 1027 2835; x_wconf 92' lang='lat' dir='ltr'><strong>ubi</strong></span> <span class='ocrx_word' id='word_1_239' title='bbox 1041 2761 1181 2833; x_wconf 80' lang='lat' dir='ltr'><strong>convenit</strong></span> 
     </span>
     <span class='ocr_line' id='line_1_28' title="bbox 166 2856 1182 2944; baseline 0 -19"><span class='ocrx_word' id='word_1_240' title='bbox 166 2880 204 2925; x_wconf 88' lang='lat' dir='ltr'><strong>ac</strong></span> <span class='ocrx_word' id='word_1_241' title='bbox 229 2857 365 2944; x_wconf 86' lang='lat' dir='ltr'><strong>primum</strong></span> <span class='ocrx_word' id='word_1_242' title='bbox 386 2857 426 2924; x_wconf 87' lang='lat' dir='ltr'><strong>ab</strong></span> <span class='ocrx_word' id='word_1_243' title='bbox 448 2857 591 2925; x_wconf 85' lang='lat' dir='ltr'><strong>hostibus</strong></span> <span class='ocrx_word' id='word_1_244' title='bbox 613 2860 682 2926; x_wconf 85' lang='lat' dir='ltr'><strong>visa</strong></span> <span class='ocrx_word' id='word_1_245' title='bbox 703 2869 765 2939; x_wconf 91' lang='lat' dir='ltr'><strong>est,</strong></span> <span class='ocrx_word' id='word_1_246' title='bbox 792 2860 913 2925; x_wconf 89' lang='lat' dir='ltr'><strong>circiter</strong></span> <span class='ocrx_word' id='word_1_247' title='bbox 933 2856 1071 2927; x_wconf 81' lang='lat' dir='ltr'>CCXX</span> <span class='ocrx_word' id='word_1_248' title='bbox 1091 2876 1182 2925; x_wconf 81' lang='lat' dir='ltr'><strong>navet</strong></span> 
     </span>
     <span class='ocr_line' id='line_1_29' title="bbox 167 2951 1183 3041; baseline 0.005 -22"><span class='ocrx_word' id='word_1_249' title='bbox 167 2975 275 3019; x_wconf 92' lang='lat' dir='ltr'><strong>eorum</strong></span> <span class='ocrx_word' id='word_1_250' title='bbox 292 2953 508 3039; x_wconf 83' lang='lat' dir='ltr'><strong>paratissimae</strong></span> <span class='ocrx_word' id='word_1_251' title='bbox 531 2964 625 3038; x_wconf 84' lang='lat' dir='ltr'><strong>atque</strong></span> <span class='ocrx_word' id='word_1_252' title='bbox 642 2954 728 3020; x_wconf 92' lang='lat' dir='ltr'><strong>omni</strong></span> <span class='ocrx_word' id='word_1_253' title='bbox 744 2975 859 3041; x_wconf 85' lang='lat' dir='ltr'><strong>genere</strong></span> <span class='ocrx_word' id='word_1_254' title='bbox 880 2975 1039 3020; x_wconf 83' lang='lat' dir='ltr'><strong>armorum</strong></span> <span class='ocrx_word' id='word_1_255' title='bbox 1056 2951 1183 3025; x_wconf 73' lang='lat' dir='ltr'><strong>ornatit-</strong></span> 
     </span>
     <span class='ocr_line' id='line_1_30' title="bbox 167 3046 1183 3133; baseline -0.001 -19"><span class='ocrx_word' id='word_1_256' title='bbox 167 3049 265 3114; x_wconf 90' lang='lat' dir='ltr'><strong>simae</strong></span> <span class='ocrx_word' id='word_1_257' title='bbox 290 3046 448 3132; x_wconf 84' lang='lat' dir='ltr'><strong>profectae</strong></span> <span class='ocrx_word' id='word_1_258' title='bbox 474 3069 515 3112; x_wconf 87' lang='lat' dir='ltr'><strong>ex</strong></span> <span class='ocrx_word' id='word_1_259' title='bbox 534 3055 628 3133; x_wconf 90' lang='lat' dir='ltr'><strong>portu</strong></span> <span class='ocrx_word' id='word_1_260' title='bbox 653 3048 768 3114; x_wconf 86' lang='lat' dir='ltr'><strong>nostris</strong></span> <span class='ocrx_word' id='word_1_261' title='bbox 790 3049 941 3114; x_wconf 84' lang='lat' dir='ltr'><strong>adversae</strong></span> <span class='ocrx_word' id='word_1_262' title='bbox 966 3048 1183 3125; x_wconf 66' lang='lat' dir='ltr'><strong>coustitemntz</strong></span> 
     </span>
     <span class='ocr_line' id='line_1_31' title="bbox 164 3138 1185 3228; baseline 0 -21"><span class='ocrx_word' id='word_1_263' title='bbox 164 3163 267 3226; x_wconf 90' lang='lat' dir='ltr'><strong>neque</strong></span> <span class='ocrx_word' id='word_1_264' title='bbox 285 3141 360 3207; x_wconf 88' lang='lat' dir='ltr'><strong>satis</strong></span> <span class='ocrx_word' id='word_1_265' title='bbox 377 3141 491 3220; x_wconf 90' lang='lat' dir='ltr'><strong>Bruto,</strong></span> <span class='ocrx_word' id='word_1_266' title='bbox 517 3142 572 3226; x_wconf 90' lang='lat' dir='ltr'><strong>qui</strong></span> <span class='ocrx_word' id='word_1_267' title='bbox 588 3142 682 3208; x_wconf 88' lang='lat' dir='ltr'><strong>classi</strong></span> <span class='ocrx_word' id='word_1_268' title='bbox 699 3152 853 3228; x_wconf 88' lang='lat' dir='ltr'><strong>praeerat,</strong></span> <span class='ocrx_word' id='word_1_269' title='bbox 879 3141 931 3208; x_wconf 86' lang='lat' dir='ltr'><strong>vel</strong></span> <span class='ocrx_word' id='word_1_270' title='bbox 951 3140 1088 3208; x_wconf 85' lang='lat' dir='ltr'><strong>tribunis</strong></span> <span class='ocrx_word' id='word_1_271' title='bbox 1108 3138 1185 3207; x_wconf 88' lang='lat' dir='ltr'><strong>mili·</strong></span> 
     </span>
     <span class='ocr_line' id='line_1_32' title="bbox 165 3232 1186 3324; baseline 0.002 -23"><span class='ocrx_word' id='word_1_272' title='bbox 165 3245 233 3302; x_wconf 91' lang='lat' dir='ltr'><strong>tum</strong></span> <span class='ocrx_word' id='word_1_273' title='bbox 249 3234 557 3321; x_wconf 89' lang='lat' dir='ltr'><strong>centurionibusque,</strong></span> <span class='ocrx_word' id='word_1_274' title='bbox 584 3236 699 3320; x_wconf 87' lang='lat' dir='ltr'><strong>quibus</strong></span> <span class='ocrx_word' id='word_1_275' title='bbox 718 3237 859 3324; x_wconf 84' lang='lat' dir='ltr'><strong>singulae</strong></span> <span class='ocrx_word' id='word_1_276' title='bbox 875 3257 973 3301; x_wconf 86' lang='lat' dir='ltr'><strong>naves</strong></span> <span class='ocrx_word' id='word_1_277' title='bbox 996 3244 1087 3301; x_wconf 90' lang='lat' dir='ltr'><strong>erant</strong></span> <span class='ocrx_word' id='word_1_278' title='bbox 1102 3232 1186 3303; x_wconf 65' lang='lat' dir='ltr'><strong>aut</strong></span> 
     </span>
     <span class='ocr_line' id='line_1_33' title="bbox 165 3330 1186 3418; baseline -0.003 -20"><span class='ocrx_word' id='word_1_279' title='bbox 165 3330 269 3409; x_wconf 87' lang='lat' dir='ltr'><strong>butae,</strong></span> <span class='ocrx_word' id='word_1_280' title='bbox 287 3330 459 3409; x_wconf 86' lang='lat' dir='ltr'><strong>constabat,</strong></span> <span class='ocrx_word' id='word_1_281' title='bbox 478 3331 554 3415; x_wconf 91' lang='lat' dir='ltr'><strong>quid</strong></span> <span class='ocrx_word' id='word_1_282' title='bbox 570 3341 700 3418; x_wconf 89' lang='lat' dir='ltr'><strong>agerent</strong></span> <span class='ocrx_word' id='word_1_283' title='bbox 716 3341 770 3398; x_wconf 89' lang='lat' dir='ltr'><strong>aut</strong></span> <span class='ocrx_word' id='word_1_284' title='bbox 787 3354 882 3416; x_wconf 91' lang='lat' dir='ltr'><strong>quam</strong></span> <span class='ocrx_word' id='word_1_285' title='bbox 895 3330 1047 3396; x_wconf 88' lang='lat' dir='ltr'><strong>rationem</strong></span> <span class='ocrx_word' id='word_1_286' title='bbox 1061 3349 1186 3417; x_wconf 73' lang='lat' dir='ltr'><strong>pugnae</strong></span> 
     </span>
     <span class='ocr_line' id='line_1_34' title="bbox 165 3424 1185 3512; baseline 0.001 -22"><span class='ocrx_word' id='word_1_287' title='bbox 165 3424 352 3491; x_wconf 83' lang='lat' dir='ltr'><strong>insisterent</strong></span> <span class='ocrx_word' id='word_1_288' title='bbox 395 3434 496 3492; x_wconf 89' lang='lat' dir='ltr'><strong>rostro</strong></span> <span class='ocrx_word' id='word_1_289' title='bbox 519 3425 602 3491; x_wconf 90' lang='lat' dir='ltr'><strong>enim</strong></span> <span class='ocrx_word' id='word_1_290' title='bbox 626 3426 731 3491; x_wconf 88' lang='lat' dir='ltr'><strong>noceri</strong></span> <span class='ocrx_word' id='word_1_291' title='bbox 755 3448 819 3491; x_wconf 90' lang='lat' dir='ltr'><strong>non</strong></span> <span class='ocrx_word' id='word_1_292' title='bbox 843 3446 938 3510; x_wconf 90' lang='lat' dir='ltr'><strong>posse</strong></span> <span class='ocrx_word' id='word_1_293' title='bbox 960 3433 1185 3512; x_wconf 69' lang='lat' dir='ltr'><strong>cognoverantr</strong></span> 
     </span>
     <span class='ocr_line' id='line_1_35' title="bbox 166 3517 1186 3605; baseline 0 -21"><span class='ocrx_word' id='word_1_294' title='bbox 166 3517 302 3584; x_wconf 82' lang='lat' dir='ltr'><strong>turribus</strong></span> <span class='ocrx_word' id='word_1_295' title='bbox 324 3527 429 3584; x_wconf 89' lang='lat' dir='ltr'><strong>autem</strong></span> <span class='ocrx_word' id='word_1_296' title='bbox 451 3519 592 3585; x_wconf 88' lang='lat' dir='ltr'><strong>excitatis</strong></span> <span class='ocrx_word' id='word_1_297' title='bbox 615 3528 720 3584; x_wconf 89' lang='lat' dir='ltr'><strong>tamen</strong></span> <span class='ocrx_word' id='word_1_298' title='bbox 740 3519 798 3585; x_wconf 87' lang='lat' dir='ltr'><strong>has</strong></span> <span class='ocrx_word' id='word_1_299' title='bbox 821 3518 952 3585; x_wconf 85' lang='lat' dir='ltr'><strong>altitudo</strong></span> <span class='ocrx_word' id='word_1_300' title='bbox 973 3517 1131 3605; x_wconf 91' lang='lat' dir='ltr'><strong>puppium</strong></span> <span class='ocrx_word' id='word_1_301' title='bbox 1146 3537 1186 3584; x_wconf 82' lang='lat' dir='ltr'><strong>ex</strong></span> 
     </span>
     <span class='ocr_line' id='line_1_36' title="bbox 166 3611 1185 3699; baseline 0 -20"><span class='ocrx_word' id='word_1_302' title='bbox 166 3611 306 3679; x_wconf 87' lang='lat' dir='ltr'><strong>barbaris</strong></span> <span class='ocrx_word' id='word_1_303' title='bbox 328 3611 461 3678; x_wconf 86' lang='lat' dir='ltr'><strong>navibus</strong></span> <span class='ocrx_word' id='word_1_304' title='bbox 484 3611 665 3699; x_wconf 89' lang='lat' dir='ltr'><strong>superabat,</strong></span> <span class='ocrx_word' id='word_1_305' title='bbox 691 3622 726 3677; x_wconf 90' lang='lat' dir='ltr'><strong>ut</strong></span> <span class='ocrx_word' id='word_1_306' title='bbox 748 3634 850 3697; x_wconf 89' lang='lat' dir='ltr'><strong>neque</strong></span> <span class='ocrx_word' id='word_1_307' title='bbox 876 3634 917 3678; x_wconf 88' lang='lat' dir='ltr'><strong>ex</strong></span> <span class='ocrx_word' id='word_1_308' title='bbox 941 3611 1091 3679; x_wconf 84' lang='lat' dir='ltr'><strong>inferiore</strong></span> <span class='ocrx_word' id='word_1_309' title='bbox 1116 3611 1185 3685; x_wconf 83' lang='lat' dir='ltr'><strong>loco</strong></span> 
     </span>
     <span class='ocr_line' id='line_1_37' title="bbox 167 3702 1186 3794; baseline 0.002 -23"><span class='ocrx_word' id='word_1_310' title='bbox 167 3706 242 3773; x_wconf 89' lang='lat' dir='ltr'><strong>satis</strong></span> <span class='ocrx_word' id='word_1_311' title='bbox 260 3706 423 3772; x_wconf 90' lang='lat' dir='ltr'><strong>commode</strong></span> <span class='ocrx_word' id='word_1_312' title='bbox 441 3706 503 3772; x_wconf 89' lang='lat' dir='ltr'><strong>tela</strong></span> <span class='ocrx_word' id='word_1_313' title='bbox 519 3706 600 3771; x_wconf 89' lang='lat' dir='ltr'><strong>adici</strong></span> <span class='ocrx_word' id='word_1_314' title='bbox 616 3715 745 3792; x_wconf 92' lang='lat' dir='ltr'><strong>possent</strong></span> <span class='ocrx_word' id='word_1_315' title='bbox 767 3715 799 3771; x_wconf 90' lang='lat' dir='ltr'><strong>et</strong></span> <span class='ocrx_word' id='word_1_316' title='bbox 819 3706 916 3773; x_wconf 89' lang='lat' dir='ltr'><strong>missa</strong></span> <span class='ocrx_word' id='word_1_317' title='bbox 933 3704 974 3771; x_wconf 89' lang='lat' dir='ltr'><strong>ab</strong></span> <span class='ocrx_word' id='word_1_318' title='bbox 993 3702 1099 3773; x_wconf 79' lang='lat' dir='ltr'><strong>Gallis</strong></span> <span class='ocrx_word' id='word_1_319' title='bbox 1114 3728 1186 3794; x_wconf 61' lang='lat' dir='ltr'><strong>grav</strong></span> 
     </span>
     <span class='ocr_line' id='line_1_38' title="bbox 165 3800 1187 3887; baseline 0.001 -21"><span class='ocrx_word' id='word_1_320' title='bbox 165 3800 235 3867; x_wconf 89' lang='lat' dir='ltr'><strong>vius</strong></span> <span class='ocrx_word' id='word_1_321' title='bbox 257 3800 442 3866; x_wconf 84' lang='lat' dir='ltr'><strong>acciderent</strong></span> <span class='ocrx_word' id='word_1_322' title='bbox 487 3823 551 3866; x_wconf 87' lang='lat' dir='ltr'><strong>una</strong></span> <span class='ocrx_word' id='word_1_323' title='bbox 572 3809 638 3866; x_wconf 89' lang='lat' dir='ltr'><strong>erat</strong></span> <span class='ocrx_word' id='word_1_324' title='bbox 659 3821 774 3887; x_wconf 89' lang='lat' dir='ltr'><strong>magno</strong></span> <span class='ocrx_word' id='word_1_325' title='bbox 795 3800 866 3865; x_wconf 88' lang='lat' dir='ltr'><strong>usui</strong></span> <span class='ocrx_word' id='word_1_326' title='bbox 887 3822 938 3866; x_wconf 88' lang='lat' dir='ltr'><strong>res</strong></span> <span class='ocrx_word' id='word_1_327' title='bbox 959 3810 1187 3886; x_wconf 67' lang='lat' dir='ltr'><strong>praeparem</strong></span> 
     </span>
     <span class='ocr_line' id='line_1_39' title="bbox 164 3893 1186 3982; baseline 0.001 -23"><span class='ocrx_word' id='word_1_328' title='bbox 164 3894 293 3972; x_wconf 86' lang='lat' dir='ltr'><strong>nostris,</strong></span> <span class='ocrx_word' id='word_1_329' title='bbox 325 3893 423 3961; x_wconf 80' lang='lat' dir='ltr'><strong>falces</strong></span> <span class='ocrx_word' id='word_1_330' title='bbox 449 3904 634 3981; x_wconf 88' lang='lat' dir='ltr'><strong>praeacutae</strong></span> <span class='ocrx_word' id='word_1_331' title='bbox 659 3894 793 3960; x_wconf 68' lang='lat' dir='ltr'><strong>usaue</strong></span> <span class='ocrx_word' id='word_1_332' title='bbox 820 3893 996 3980; x_wconf 84' lang='lat' dir='ltr'><strong>affixaeque</strong></span> <span class='ocrx_word' id='word_1_333' title='bbox 1021 3893 1186 3982; x_wconf 72' lang='lat' dir='ltr'><strong>leugadie,</strong></span> 
     </span>
     <span class='ocr_line' id='line_1_40' title="bbox 154 3986 1188 4077; baseline 0.003 -25"><span class='ocrx_word' id='word_1_334' title='bbox 154 4009 221 4053; x_wconf 82' lang='lat' dir='ltr'><strong>nou</strong></span> <span class='ocrx_word' id='word_1_335' title='bbox 238 3987 377 4055; x_wconf 75' lang='lat' dir='ltr'><strong>absimili</strong></span> <span class='ocrx_word' id='word_1_336' title='bbox 395 3989 499 4056; x_wconf 81' lang='lat' dir='ltr'><strong>forma</strong></span> <span class='ocrx_word' id='word_1_337' title='bbox 515 3987 683 4056; x_wconf 87' lang='lat' dir='ltr'><strong>muralium</strong></span> <span class='ocrx_word' id='word_1_338' title='bbox 697 3987 838 4054; x_wconf 75' lang='lat' dir='ltr'><strong>falcium.</strong></span> <span class='ocrx_word' id='word_1_339' title='bbox 861 3988 999 4054; x_wconf 86' lang='lat' dir='ltr'><strong>hiscum</strong></span> <span class='ocrx_word' id='word_1_340' title='bbox 1009 3987 1118 4069; x_wconf 78' lang='lat' dir='ltr'><strong>funes,</strong></span> <span class='ocrx_word' id='word_1_341' title='bbox 1135 3986 1188 4077; x_wconf 80' lang='lat' dir='ltr'><strong>qui</strong></span> 
     </span>
    </p>
   </div>
   <div class='ocr_carea' id='block_1_3' title="bbox 140 4081 1202 4166">
    <p class='ocr_par' dir='ltr' id='par_1_3' title="bbox 140 4081 1202 4166">
     <span class='ocr_line' id='line_1_41' title="bbox 140 4081 1202 4166; baseline -0.005 -18"><span class='ocrx_word' id='word_1_342' title='bbox 140 4090 315 4152; x_wconf 83' lang='lat' dir='ltr'><strong>antemnas</strong></span> <span class='ocrx_word' id='word_1_343' title='bbox 331 4085 378 4152; x_wconf 91' lang='lat' dir='ltr'><strong>ad</strong></span> <span class='ocrx_word' id='word_1_344' title='bbox 395 4084 500 4156; x_wconf 85' lang='lat' dir='ltr'><strong>malos</strong></span> <span class='ocrx_word' id='word_1_345' title='bbox 524 4083 745 4163; x_wconf 89' lang='lat' dir='ltr'><strong>destinabant,</strong></span> <span class='ocrx_word' id='word_1_346' title='bbox 771 4081 994 4166; x_wconf 67' lang='lat' dir='ltr'><strong>comprehensi</strong></span> <span class='ocrx_word' id='word_1_347' title='bbox 1010 4081 1202 4165; x_wconf 56' lang='lat' dir='ltr'><strong>auduom</strong></span> 
     </span>
    </p>
   </div>
   <div class='ocr_carea' id='block_1_4' title="bbox 0 0 1212 4336">
    <p class='ocr_par' dir='ltr' id='par_1_4' title="bbox 0 0 1212 4336">
     <span class='ocr_line' id='line_1_42' title="bbox 0 0 1212 4336; baseline 0 0"><span class='ocrx_word' id='word_1_348' title='bbox 0 0 1212 4336; x_wconf 95' lang='lat' dir='ltr'><strong> </strong></span> 
     </span>
    </p>
   </div>
  </div>
 </body>
</html>
