2414 4336
328 253 446 314 coust.
463 255 530 312 1111.
547 257 631 312 a-v.
952 240 993 308 57

10 374 186 451 ἷῧεῦωιῐ.
217 381 262 448 illi
279 383 384 450 omnia
402 381 530 469 experti,
549 405 622 448 cum
638 403 740 467 neque
757 381 790 447 vi
807 380 993 448 contendere

10 482 93 549 ter
110 478 251 565 inopiam
267 478 395 544 navium
416 499 518 562 neque
540 477 622 543 clam
644 477 775 543 transire
795 485 922 564 propter
940 498 994 542 cu-

10 566 84 639 Εε
103 570 327 659 Menapiorum
343 581 485 659 possent,
511 572 625 638 reverti
643 594 677 638 se
694 571 728 636 in
746 593 819 637 suas
837 570 928 637 sedes
945 591 994 635 re·

10 666 142 752 isque
165 666 391 733 simulaverunt
416 677 447 733 et
475 667 569 732 tridui
594 666 679 733 uam
704 666 864 754 progressi
884 688 993 732 rursus
1099 719 1100 722 η

10 768 163 829 fierunt
180 771 273 848 atque
291 763 376 828 omni
392 761 453 828 hoc
465 762 574 828 itinere
587 784 651 829 una
662 769 754 828 nocte
767 761 907 845 equitatu
921 783 994 827 con-
1093 776 1095 781 ·

10 848 187 1029 {grngcios
209 857 470 944 inopinantesque
487 856 654 944 Menapios
678 863 913 944 oppresserunt,
940 855 994 939 qui

21 996 25 1001 -
128 974 259 1017 anorum
281 951 423 1019 discessu
443 972 501 1039 per
522 951 732 1039 exploratores
755 949 901 1017 certiores
919 947 994 1015 facti

10 1040 151 1113 ¹fimeto
176 1057 262 1113 trans
287 1047 436 1113 Rhenum
461 1048 495 1112 in
521 1069 595 1114 suos
626 1047 712 1113 vicos
739 1047 993 1134 remigraverunt.

41 1140 216 1209 haterfectis
242 1142 438 1228 navibusque
469 1164 577 1208 eorum
607 1141 781 1229 occupatis,
811 1141 994 1228 priusquam

114 1235 349 1323 Menapiorum,
377 1259 457 1323 quae
479 1237 556 1303 citra
576 1237 725 1303 Rhenum
746 1236 851 1321 quieta
871 1236 906 1301 in
928 1235 994 1300 suis

10 1252 99 1497 Fa
116 1342 191 1411 erat,
211 1333 322 1400 certior
338 1332 434 1412 fieret,
453 1333 570 1398 flumen
587 1332 775 1399 transierunt
788 1340 882 1416 atque
895 1331 995 1397 omni-

50 1442 157 1492 eorum
174 1426 322 1492 aedificiis
341 1426 501 1514 occupatis
518 1425 671 1512 reliquam
691 1433 813 1512 partem
830 1424 941 1490 hiemis
960 1446 994 1491 se

96 1520 194 1607 copiis
212 1521 364 1587 aluerunt.

37 1690 40 1695 ¹
71 1614 79 1630 '
123 1615 162 1681 de
188 1614 282 1682 rebus
310 1614 429 1682 Caesar
455 1616 566 1682 certior
591 1615 694 1681 factus
722 1623 753 1680 et
784 1614 1028 1684 infirmitatem5

40 1788 43 1793 Ι
102 1733 134 1774 m
151 1709 279 1789 veritus,
298 1711 383 1796 quod
400 1721 474 1776 sunt
490 1711 524 1776 in
538 1711 674 1776 consiliis
690 1709 849 1796 capiendis
862 1709 994 1776 mobiles

80 1805 107 1870 ’s
125 1804 308 1893 plerumque
321 1804 416 1871 rebus
430 1806 566 1884 student,
584 1805 662 1870 nihil
675 1804 724 1870 his
739 1804 995 1870 committendum

94 1899 169 1965 avit.
213 1909 262 1965 est
279 1901 362 1966 enim
378 1900 439 1966 hoc
458 1897 598 1967 Gallicae
621 1899 870 1978 consuetudinis,
896 1899 943 1964 uti
964 1908 995 1964 et

42 1998 103 2075 jres
123 1995 217 2062 etiam
234 1997 348 2064 invitos
367 1998 536 2064 consistere
555 2007 669 2084 cogant
687 2006 732 2075 et,
755 1997 840 2081 quod
862 1994 994 2081 quisque

10 2112 13 2118 ·
92 2093 135 2159 de
153 2113 277 2178 quaque
294 2115 328 2158 re
346 2093 478 2158 audierit
495 2102 550 2158 aut
567 2092 762 2179 cognoverit,
781 2100 945 2176 quaerant,
964 2099 995 2156 et

68 2197 158 2254 tores
180 2188 213 2251 in
230 2187 353 2275 oppidis
371 2188 485 2276 vulgus
509 2188 730 2265 circumsistat,
758 2185 934 2270 quibusque
956 2207 996 2250 ex

47 2281 151 2348 nibus
169 2281 296 2347 veniant
313 2304 454 2368 quasque
476 2282 522 2347 ibi
542 2304 593 2348 res
616 2280 832 2368 cognoverint,
858 2301 996 2367 pronun-

10 2370 34 2439 Ἀ
63 2387 196 2467 cogant.
245 2377 295 2444 his
320 2377 415 2445 rebus
441 2387 535 2463 atque
561 2376 771 2444 auditionibus
797 2375 930 2463 permoti
956 2374 996 2440 de

10 2476 98 2542 mais
119 2495 215 2560 saepe
227 2473 321 2540 rebus
335 2474 465 2540 consilia
477 2475 595 2552 ineunt,
615 2495 747 2558 quorum
762 2493 816 2537 eos
830 2470 995 2558 evestigio

10 2571 127 2636 nitere
144 2589 275 2634 necesse
293 2577 354 2647 est,
373 2590 445 2634 cum
461 2568 587 2634 incertis
604 2567 782 2633 rumoribus
801 2566 946 2644 serviant,
965 2572 996 2629 et

10 2660 107 2752 ique
126 2662 169 2728 ad
185 2661 377 2728 voluntatem
395 2686 504 2729 eorum
517 2664 589 2729 ficta
600 2663 818 2750 respondeant
846 2683 909 2746 qua
922 2682 996 2726 con·
1014 2680 1028 2727 6

10 2759 134 2826 tudine
162 2757 287 2844 cognita
315 2756 447 2837 Caesar,
474 2781 514 2823 ne
540 2757 676 2845 graviori
702 2756 784 2823 bello
811 2769 994 2833 occurreret,

10 2855 130 2931 surius,
151 2873 246 2936 quam
264 2861 437 2930 consuerat,
456 2853 497 2918 ad
515 2852 685 2917 exercitum
702 2850 917 2937 proficiscitur.
957 2872 995 2916 eo

10 2971 26 3016 n
46 2946 213 3024 venisset,
232 2968 283 3025 ea,
301 2969 383 3031 quae
399 2948 468 3014 iore
486 2947 663 3032 suspicatus
681 2954 760 3025 erat,
779 2945 863 3011 facta
880 2967 996 3033 cogno·

35 3043 165 3109 missas
183 3041 355 3128 legationes
372 3041 413 3108 ab
430 3042 587 3108 nonnullis
605 3039 783 3106 civitatibus
805 3041 847 3105 ad
865 3038 996 3107 Germa

29 3138 254 3222 invitatosque
272 3159 337 3217 eos,
356 3137 402 3202 uti
415 3136 456 3203 ab
469 3137 582 3204 Rheno
596 3136 799 3216 discederent,
819 3136 994 3220 omniaque,

10 3256 39 3302 re
69 3231 303 3320 postulassent,
330 3231 371 3298 ab
398 3255 432 3298 se
457 3230 525 3300 sora
546 3240 663 3320 parata.
708 3253 771 3316 qua
792 3253 847 3316 spe
870 3229 997 3295 adducti

10 3327 122 3395 rmani
138 3325 232 3391 latius
250 3326 448 3414 vagabantur
465 3327 545 3392 etin
562 3327 641 3392 fines
658 3324 844 3391 Eburonum
862 3334 893 3390 et
912 3323 996 3391 Con-

10 3443 152 3500 rsorum‚
188 3421 242 3504 qui
268 3432 342 3486 sunt
369 3421 578 3488 Treverorum
604 3421 745 3498 clientes,
781 3430 995 3506 pervenerant

10 3513 163 3602 ncipibus
183 3512 305 3581 Galliae
324 3517 461 3582 evocatis
481 3515 667 3594 Caesarea,
695 3535 775 3597 quae
797 3526 995 3602 cognoverat,

10 3608 198 3677 simulanda
219 3608 279 3675 sibi
301 3611 490 3676 existimavit
508 3630 678 3694 eorumque
700 3609 812 3674 animis
829 3610 995 3698 permulsis

14 3703 209 3770 confirmatis
227 3703 429 3789 equitatuque
446 3706 597 3791 imperato
611 3702 728 3770 bellum
743 3726 814 3769 cum
829 3703 995 3772 Germanis

10 3820 77 3864 rere
95 3797 266 3864 constituit.
309 3821 343 3864 re
360 3799 563 3865 frumentaria
581 3808 760 3884 comparata
777 3799 996 3885 equitibusque
1014 3821 1029 3868 7

10 3891 98 3959 lectis
115 3891 176 3958 iter
192 3891 225 3958 in
242 3915 280 3958 ea
296 3893 366 3960 loca
383 3893 487 3960 facere
505 3894 621 3982 coepit,
649 3892 762 3978 quibus
779 3893 813 3959 in
829 3893 907 3959 locis
926 3916 996 3961 esse

10 4006 149 4053 ermanos
175 3987 331 4055 audiebat.
380 4013 401 4056 a
426 3989 541 4076 quibus
573 4011 648 4057 cum
675 4009 853 4077 paucorum
880 3988 1009 4053 dierum

10 4079 184 4158 rabesoet,
209 4079 308 4168 legati
334 4083 376 4151 ab
404 4085 455 4155 his
485 4097 663 4171 venerunt,
691 4107 837 4175 quorum
849 4085 941 4151 haec
961 4081 1033 4146 irin
