2528 4336
457 194 575 253 OOMM.
593 196 629 250 Π.
648 195 766 252 19-23.
1081 181 1122 247 37

93 320 185 388 ribus
211 317 339 408 proeliis
365 320 525 387 exercitati
551 319 627 405 quid
652 319 720 386 fieri
741 327 909 407 oporteret,
936 342 999 386 non
1021 321 1124 387 minus

92 415 263 483 commode
278 414 341 501 ipsi
359 415 419 482 sibi
435 415 662 502 praescribere,
685 437 780 500 quam
798 414 838 480 ab
861 414 929 480 aliis
948 414 1053 481 doceri
1068 437 1124 502 po·

94 519 214 589 terant,
241 517 272 575 et
289 509 376 594 quod
393 509 433 576 ab
456 532 550 596 opere
568 510 763 598 singulisque
784 508 961 596 legionibus
984 510 1124 597 singulos

93 606 221 695 legatos
246 603 368 673 Caesar
397 606 557 672 discedere
587 606 649 671 nisi
674 605 802 671 munitis
834 604 944 670 castris
974 614 1124 671 vetuerat.

94 701 129 767 hi
146 709 276 788 propter
291 700 555 787 propinquitatem
573 710 604 766 et
621 700 810 766 celeritatem
823 699 961 765 hostium
974 699 1051 765 nihil
1063 700 1126 764 iam

96 794 247 863 Caesaris
260 794 426 881 imperium
440 794 672 881 exspectabant,
692 795 749 861 sed
760 816 869 880 perse,
888 817 969 880 quae
977 794 1127 861 videban-

96 900 162 969 tur,
184 889 455 956 administrabant
502 889 621 956 anssr
637 890 822 956 necessariis
840 889 935 956 rebus
956 889 1125 976 imperatis,
1144 909 1175 958 21

96 985 139 1051 sd
149 983 360 1051 cohortandos
372 984 498 1064 milites,
516 1006 611 1069 quam
627 981 689 1072 [in]
708 992 830 1070 partem
846 984 913 1051 fors
931 984 1054 1063 obtulit,
1073 984 1128 1049 de-

96 1082 237 1150 cucurrit
262 1091 294 1149 et
319 1082 361 1149 ad
386 1082 543 1169 legionem
564 1082 718 1147 decimam
740 1082 875 1146 devenit
928 1080 1041 1146 milites
1065 1102 1128 1146 non

96 1177 241 1265 longiore
258 1177 399 1243 oratione
417 1177 612 1256 cohortatus,
630 1199 725 1262 quam
742 1176 790 1241 uti
807 1196 883 1241 suae
900 1175 1050 1261 pristinae
1066 1175 1129 1240 vir-

97 1272 176 1339 tutis
193 1271 378 1339 memoriam
399 1272 568 1338 retinerent
589 1294 651 1338 neu
672 1270 926 1358 perturbarentur
947 1271 1051 1336 animo
1072 1270 1129 1338 ho-

97 1367 258 1451 stiumque
274 1367 427 1453 impetum
444 1365 567 1433 fortiter
584 1367 788 1445 sustinerent,
815 1366 900 1450 quod
920 1387 986 1431 non
1002 1365 1127 1452 longius

96 1462 207 1529 hostes
225 1461 364 1542 aberant,
382 1485 477 1548 quam
495 1485 558 1548 quo
576 1463 674 1529 telum
691 1462 773 1529 adici
785 1471 901 1548 posset,
920 1462 1031 1548 proelii
1044 1484 1129 1528 eom-

98 1556 243 1622 mittendi
269 1556 397 1644 signum
427 1558 522 1623 dedit
572 1566 666 1643 atque
692 1558 726 1621 in
752 1556 881 1622 alteram
906 1566 1028 1642 partem
1052 1556 1128 1621 item

98 1649 283 1716 cohortandi
310 1673 406 1719 causa
431 1651 592 1738 profectus
618 1651 832 1738 pugnantibus
860 1652 1002 1741 occurrit
1050 1660 1129 1716 tem-

98 1744 183 1831 poris
201 1753 291 1811 tanta
311 1745 371 1811 fuit
393 1748 549 1834 exiguitas
571 1747 773 1831 hostiumque
795 1756 860 1811 tam
877 1755 1005 1833 paratus
1024 1746 1064 1810 ad
1082 1746 1129 1810 di-

99 1838 281 1905 micandum
303 1841 442 1920 animus,
470 1851 589 1907 utnon
612 1842 706 1907 modo
733 1841 774 1906 ad
795 1842 932 1928 insignia
954 1862 1129 1906 accommo-

101 1933 214 2011 danda,
233 1933 290 1998 sed
307 1934 402 2000 etiam
415 1935 456 2000 ad
469 1936 577 2022 galeas
591 1936 766 2001 induendas
781 1937 941 2020 scutisque
959 1935 1129 2022 tegimenta

104 2027 296 2093 detrudendo
313 2037 439 2115 tempus
463 2030 608 2096 defuerit.
653 2052 748 2115 quam
769 2031 902 2115 quisque
921 2028 961 2095 ab
984 2050 1078 2116 opere
1095 2029 1129 2093 in

105 2130 222 2207 purtem
239 2143 316 2189 casu
334 2123 473 2202 devenit,
497 2146 640 2210 quaeque
657 2126 759 2210 prima
776 2125 867 2210 signa
885 2125 1062 2209 conspexit,
1088 2122 1129 2187 ad

107 2214 179 2282 haee
195 2217 348 2296 constitit,
366 2240 406 2284 ne
423 2219 457 2283 in
474 2219 660 2304 quaerendis
679 2219 745 2284 suis
762 2218 924 2304 pugnandi
942 2226 1065 2302 tempus
1083 2215 1130 2280 di-

110 2309 245 2376 mitteret.
272 2310 422 2377 instructo
441 2313 588 2391 exercitu,
607 2313 708 2399 magis
726 2322 761 2376 ut
777 2312 839 2376 loci
851 2321 963 2376 natura
975 2311 1129 2376 deiectus·
1147 2330 1179 2378 22

113 2421 163 2484 que
188 2403 278 2470 collis
305 2414 337 2472 et
361 2408 532 2474 necessitas
555 2408 719 2493 temporis,
747 2429 842 2492 quam
864 2417 899 2470 ut
920 2407 965 2471 rei
987 2406 1128 2471 militaris

81 2496 82 2541 ἶ
115 2497 179 2563 ratio
197 2508 291 2583 atque
310 2500 385 2565 ordo
403 2501 593 2586 postulabat,
613 2524 685 2567 oum
703 2502 836 2568 diversis
854 2501 1031 2588 legionibus
1049 2501 1129 2566 aliae

81 2640 88 2648 .
117 2588 165 2656 ulia
178 2593 213 2657 in
228 2603 318 2679 parte
335 2594 478 2661 hostibus
496 2596 690 2674 resisterent,
714 2596 905 2682 sepibusque
923 2595 1126 2673 densissimis,

118 2695 144 2747 ut
157 2696 226 2752 ante
247 2687 547 2768 demonstravimus,
570 2691 739 2756 interiectis
762 2702 946 2776 prospectus
964 2691 1130 2776 impedire-

81 2776 90 2807 ·'
120 2783 168 2858 tur,
185 2802 288 2866 neque
306 2793 391 2848 certa
408 2783 550 2849 subsidia
568 2784 712 2850 collocari
728 2806 844 2869 neque,
863 2785 938 2869 quid
955 2785 989 2848 in
1006 2805 1130 2869 quaque

120 2884 190 2953 purte
208 2897 289 2961 opus
309 2887 407 2956 esset,
434 2879 592 2964 provideri
613 2900 715 2963 neque
733 2878 773 2944 ab
796 2901 859 2944 uno
878 2880 982 2944 omnia
999 2880 1130 2965 imperia

120 2965 313 3037 dnnuuari
334 2983 487 3058 poterant.
537 2974 641 3057 itaque
667 2974 701 3037 in
726 2982 812 3039 tanta
837 2996 942 3039 rerum
967 2973 1130 3057 iniquitate

122 3055 246 3130 fortunae
263 3087 389 3151 quoque
408 3076 538 3134 eventus
556 3068 635 3132 varii
661 3067 880 3151 sequebantur.
919 3068 1052 3153 legionis
1074 3089 1130 3130 no·
1148 3085 1180 3134 23

121 3172 167 3221 nae
176 3167 208 3224 et
220 3159 360 3226 decimae
373 3162 497 3240 milites,
511 3162 592 3226 utin
605 3162 730 3228 sinistra
738 3173 825 3249 parte
839 3163 905 3227 acie
918 3162 1128 3238 constiterant,

122 3246 176 3330 pitis
197 3254 323 3320 emissis
345 3278 440 3323 cursu
456 3279 494 3323 ac
516 3256 700 3323 lassitudine
722 3257 915 3323 exanimatos
933 3254 1130 3319 vulneribus-

81 3356 89 3395 Ξ
121 3360 168 3424 que
183 3347 343 3416 confectos
361 3350 530 3417 Atrebates
554 3351 642 3433 (nam
659 3352 708 3417 his
727 3374 765 3417 ea
781 3373 853 3436 pars
876 3349 1057 3432 obvenerat)
1080 3370 1130 3413 oe·

81 3453 86 3492 ⁵
121 3432 208 3508 leriter
224 3465 266 3509 ex
282 3444 352 3511 looo
371 3447 530 3532 superiore
547 3447 581 3511 in
597 3447 714 3512 fiumen
727 3445 943 3530 compulerunt
955 3454 986 3509 et
999 3443 1130 3509 transire

81 3547 84 3573 ²
122 3549 254 3605 ouantes
276 3541 410 3606 insecuti
431 3541 545 3628 gladiis
568 3565 715 3628 magnam
731 3549 852 3625 partem
874 3562 982 3605 eorum
999 3538 1130 3624 impedi-

81 3658 83 3666 ’
122 3632 172 3695 tun
194 3632 427 3701 iuterfecerunt.
481 3636 542 3722 ipsi
572 3636 703 3700 transire
732 3634 849 3700 fiumen
874 3657 938 3701 non
968 3634 1130 3699 dubitave-

123 3735 179 3791 mr
210 3737 242 3794 et
276 3730 310 3794 in
339 3730 444 3796 locum
476 3731 619 3815 iniquum
651 3731 810 3817 progressi
840 3754 948 3796 nusus
983 3731 1131 3794 resisten-

125 3821 159 3919 ξω
189 3821 296 3891 hostes
325 3825 537 3913 redintegrato
568 3825 687 3911 proelio
717 3825 752 3888 in
780 3824 891 3912 fugam
921 3824 1128 3888 coniecerunt.

125 3916 183 3980 lem
207 3917 269 3985 alia
289 3918 322 3984 iu
344 3930 433 4006 parts
455 3921 597 3986 diversae
624 3919 704 3985 duae
726 3919 882 4007 legiones,
909 3918 1074 3984 undecima
1098 3925 1130 3983 et

126 4013 231 4092 aava,
261 4013 435 4104 profligatis
462 4014 700 4095 Viromanduis,
730 4013 926 4102 quibuscum
950 4023 1046 4079 erant
1068 4031 1148 4075 eon-
