2414 4336
165 256 207 324 66
483 271 536 327 DE
554 270 681 327 BELLO
701 268 869 328 GALLICO

163 404 287 462 tantum
313 395 448 462 dedecus
475 396 700 475 admitteretur,
728 393 868 460 universi
894 416 935 459 ex
960 395 1038 461 navi
1059 395 1168 462 desitne
1205 479 1207 482 Ι

163 499 251 571 runt3
276 489 336 557 hos
353 490 428 556 item
446 513 486 556 ex
502 490 654 577 proximis
676 489 784 577 primis
805 486 940 555 navibus
963 510 1039 555 cum
1061 512 1169 577 conspe·
1199 496 1207 581 l

114 604 148 656 to
164 585 297 666 xissent,
326 585 486 653 subsecuti
506 586 650 654 hostibus
672 584 970 673 appropinquarunt.
1016 596 1169 673 pugnatun
1200 589 1207 647 Ι

164 691 213 750 est
230 682 270 748 ab
287 683 428 768 utrisque
445 682 565 748 acriter.
591 682 690 749 nostri
706 690 821 761 tamen,
840 681 926 766 quod
943 702 1049 765 neque
1066 682 1169 748 ordinet
1200 682 1207 738 Ι

165 798 290 844 serrare
307 799 409 862 neque
426 776 556 843 firmiter
571 777 715 843 insistere
731 797 833 861 neque
856 775 948 862 signa
965 774 1116 862 subsequi
1129 797 1171 863 po
1201 773 1207 864 l

164 880 278 951 terant,
312 880 406 956 atque
432 871 511 937 alius
538 871 599 937 alia
624 893 665 938 ex
689 870 777 949 nari,
812 867 1067 955 qurhuscumque
1092 869 1170 957 signis
1202 872 1207 929 Ι

164 974 353 1045 occurrerat,
385 987 419 1031 se
452 964 657 1053 aggregabat,
689 985 879 1052 magnopere
908 961 1171 1050 perturbabantur,
1203 968 1207 1025 1

50 1097 55 1110 ·
161 1059 269 1127 hostes
294 1082 369 1126 vero
395 1060 477 1126 notis
503 1059 648 1127 omnibus
674 1060 778 1139 vadis,
805 1058 861 1125 ubi
886 1080 927 1124 ex
948 1059 1041 1126 litore
1068 1060 1170 1146 aliquos
1204 1064 1207 1118 l

162 1154 337 1243 singulares
351 1177 391 1220 ex
401 1155 475 1220 navi
488 1155 682 1243 egredientes
696 1161 933 1240 conspexerant,
951 1154 1171 1241 incitatisequic
1205 1160 1207 1211 l

161 1248 328 1335 impeditos
337 1249 565 1327 adoriebantur,
583 1249 688 1336 plures
702 1270 819 1335 paucos
835 1248 1117 1329 circumsistebant,
1133 1248 1172 1316 uli
1206 1254 1207 1290 r

162 1343 203 1410 ab
220 1343 316 1409 latere
334 1354 441 1431 aperto
457 1344 492 1408 in
506 1344 670 1409 universos
688 1343 751 1410 tela
768 1330 1106 1431 coniciebanffl‘quod
1117 1366 1173 1410 cun

163 1437 433 1506 animadvertisset
451 1438 583 1517 Caesar,
612 1438 744 1525 scaphas
761 1436 927 1525 longarum
943 1438 1090 1519 navium,
1114 1439 1173 1505 iten

164 1532 371 1619 speculatoria
386 1533 514 1620 navigia
531 1532 681 1598 militibus
700 1530 849 1618 compleri
866 1531 957 1598 iussit
976 1542 1022 1613 et,
1046 1555 1127 1619 quos
1140 1532 1175 1599 la·

162 1624 309 1693 borantes
336 1637 553 1713 conspexerat,
580 1627 629 1692 his
657 1626 797 1693 subsidia
823 1625 1036 1693 submittebat.
1082 1627 1175 1705 nostri,

163 1721 256 1785 simul
277 1721 310 1786 iu
332 1721 419 1787 arido
441 1721 658 1800 constiterunt,
686 1721 751 1787 suis
779 1719 924 1788 omnibus
951 1723 1130 1789 consecutis
1150 1721 1176 1786 in

161 1813 268 1881 hostes
294 1816 445 1901 impetum
472 1815 612 1881 fecerunt
638 1825 731 1900 atque
758 1838 811 1882 eos
837 1815 871 1880 in
896 1813 1008 1903 fugam
1036 1816 1176 1882 dederunt

160 1932 262 1996 noque
284 1910 409 1998 longius
431 1913 578 1997 prosequi
599 1921 779 1998 potuerunt,
807 1912 892 1997 quod
916 1912 1040 1997 equites
1063 1934 1177 1979 cursum

161 2016 265 2071 tenere
288 2015 381 2090 atque
403 2005 538 2072 insulam
560 2028 671 2093 capere
696 2029 759 2072 non
788 2015 961 2092 potuerant
1005 2005 1071 2074 hoc
1091 2028 1177 2073 rmum

109 2115 144 2170 27
162 2099 203 2165 ad
232 2100 396 2186 pristinam
425 2098 583 2166 fortunam
610 2100 740 2166 Caesari
767 2096 903 2185 defuit]
928 2099 1039 2167 hostes
1070 2098 1177 2189 proelio

162 2195 313 2281 superati,
341 2194 434 2261 simul
456 2204 548 2280 atque
571 2217 605 2261 se
627 2218 667 2261 ex
688 2194 766 2282 fuga
790 2204 989 2281 receperunt,
1016 2197 1125 2262 statim
1143 2194 1177 2261 ad

161 2286 331 2355 Caesarem
344 2289 465 2378 legatos
480 2290 519 2355 de
533 2312 612 2376 pace
625 2289 785 2365 miserunt,
804 2288 931 2356 obsides
945 2288 1076 2357 daturos
1092 2310 1177 2375 quac·

160 2404 222 2467 quc
238 2383 423 2469 imperasset
440 2383 576 2450 facturos
595 2406 665 2450 sese
681 2382 811 2470 polliciti
829 2392 911 2450 sunt.
955 2406 1020 2449 una
1042 2406 1118 2451 cnm
1134 2383 1176 2449 his

159 2475 271 2564 legatis
291 2475 455 2543 Commius
472 2477 610 2545 Atrebas
632 2478 732 2557 venit,
760 2500 855 2563 quem
878 2500 973 2563 supra
991 2478 1175 2546 demonstra·

160 2591 267 2636 veram
285 2595 304 2636 a
322 2570 458 2637 Caesare
476 2572 509 2637 in
525 2572 720 2638 Britanniam
737 2572 955 2661 praemissum.
999 2571 1088 2639 hunc
1104 2572 1174 2638 illic

160 2665 233 2729 navi
251 2687 427 2752 egressum,
450 2688 522 2730 cum
539 2667 579 2731 ad
597 2689 651 2732 eos
670 2667 800 2733 oratoris
818 2666 912 2732 modo
931 2663 1080 2733 Caesaris
1098 2689 1174 2733 man·
1202 2649 1207 2731 l

161 2757 234 2822 data
251 2757 398 2839 deferret,
427 2760 724 2847 comprehenderant
740 2770 833 2845 atque
850 2760 885 2825 in
901 2759 1028 2827 vinceda
1046 2761 1172 2828 coniaco
1200 2769 1207 2856 t

159 2861 242 2916 rant:
272 2861 340 2918 tum
365 2854 483 2940 proelio
509 2854 592 2920 facto
617 2856 803 2921 remiserunt
829 2855 918 2920 etin
943 2856 1082 2941 petenda
1105 2874 1170 2943 pact
1198 2860 1207 2922 l

160 2945 228 3011 eius
253 2947 299 3012 rei
324 2948 448 3035 culpam
474 2951 507 3014 in
528 2950 757 3015 multitudinem
779 2949 975 3017 contulerunt
1001 2961 1034 3016 et
1058 2958 1169 3038 proptu
1198 2956 1207 3024 Ι

160 3040 400 3128 imprudentiam
421 3053 456 3109 ut
477 3045 703 3131 ignosceretur,
730 3045 915 3132 petiverunt.
961 3042 1084 3110 Caesar
1107 3064 1169 3129 quc·
1198 3029 1207 3109 l

160 3144 241 3214 stus,
269 3139 367 3222 quod,
395 3161 466 3204 cum
483 3138 564 3205 ultro
581 3139 615 3204 in
632 3140 840 3205 continentem
862 3138 975 3227 legatis
997 3139 1105 3205 missis
1124 3160 1167 3225 pa·
1198 3145 1207 3204 Ι

160 3252 227 3295 cem
245 3230 285 3297 ab
304 3254 338 3298 se
355 3232 521 3320 petissent,
543 3231 661 3298 bellum
679 3233 747 3298 sine
765 3256 861 3299 causa
877 3233 1072 3312 intulissent,
1093 3232 1168 3320 igno
1199 3242 1207 3322 ΙΙ

160 3347 246 3390 scere
271 3326 497 3414 imprudentiae
523 3327 601 3392 dixit
627 3326 815 3412 obsidesque
841 3327 1019 3413 imperavit3
1050 3345 1168 3413 quorun
1200 3336 1207 3392 Ι

158 3419 204 3484 illi
228 3431 348 3507 partem
374 3425 479 3489 statim
506 3424 671 3504 dederunt,
697 3435 818 3512 partem
846 3447 886 3490 ex
910 3423 1168 3512 longinquioribus
1203 3501 1207 3510 Ι

158 3512 235 3578 locis
253 3517 433 3582 arcessitam
450 3519 559 3605 paucis
577 3519 689 3586 diebus
708 3542 777 3586 sese
797 3520 924 3585 daturos
943 3519 1099 3585 dixerunt
1131 3517 1168 3583 in·
1203 3525 1207 3606 Ι

158 3617 243 3675 terea
261 3631 334 3676 suos
352 3613 519 3700 remigrare
536 3614 569 3678 in
587 3637 680 3701 agros
698 3616 865 3693 iusserunt,
883 3613 1106 3701 principesque
1121 3634 1167 3679 un·
1205 3621 1207 3657 r

158 3703 252 3789 dique
270 3707 434 3772 convenire
452 3717 483 3772 et
501 3730 535 3774 se
552 3708 756 3795 civitatesque
779 3733 852 3775 suas
871 3707 1002 3775 Caesari
1021 3728 1168 3775 commen·

158 3798 232 3863 dare
250 3809 428 3887 coeperunt,

108 3910 140 3961 28
222 3891 284 3958 His
301 3894 396 3961 rebus
412 3917 491 3982 pace
509 3896 691 3962 confirmata
707 3906 779 3983 post
796 3899 880 3963 diem
897 3907 1059 3983 quartum,
1085 3916 1169 3984 quan

149 3995 201 4050 est
214 3986 249 4050 in
266 3987 466 4057 Britanniam
483 3999 623 4071 ventum,
639 4014 738 4058 naues
749 3992 882 4070 xum,
898 3993 938 4058 de
955 3992 1073 4077 quibus
1086 4011 1168 4079 snpm

133 4078 397 4154 demonstratum
417 4098 483 4170 est,
503 4110 590 4176 quae
607 4088 734 4176 equites
751 4085 961 4164 sustulerant,
975 4085 1180 4171 exsuperius
