2528 4336
356 245 474 302 OOMM.
491 244 556 303 vn.
573 243 692 301 ot-ob.
974 229 1036 299 137

69 369 212 447 sitiones,
230 389 295 434 non
311 368 442 435 altitudo
454 368 579 448 montis,
597 392 661 436 non
674 391 781 435 muros
795 368 902 456 oppidi
915 369 1037 436 tardare

69 466 176 542 nisset,
194 472 281 530 tanto
298 485 393 551 opere
409 464 567 532 licentiam
583 465 854 551 arrogantiamque
871 464 1038 553 reprehen-

69 583 96 640 s,
124 557 215 644 quod
231 557 303 645 plus
327 581 361 625 se
383 580 478 643 quam
495 558 714 646 imperatorem
736 559 776 625 de
797 558 927 625 victoria
944 567 1037 643 atque

69 678 94 719 u
115 675 225 719 rerum
248 651 362 719 sentire
384 653 610 732 existimarent3
636 674 695 719 nec
712 652 816 719 minus
838 675 873 719 se
890 651 924 718 in
940 652 1038 719 milite

69 746 203 813 lestiam
227 755 259 812 et
285 745 506 812 continentiam
532 768 628 831 quam
653 747 801 813 virtutem
827 757 921 832 atque
942 745 1038 812 animi

69 840 261 930 gnitudinem
278 841 465 907 desiderare.
509 840 570 907 hac
586 839 694 907 habita
716 842 859 908 contione
877 842 966 908 etad
983 864 1038 908 ex·
1055 865 1088 914 ts

69 959 145 1002 nam
164 935 335 1002 orationem
353 935 542 1002 confirmatis
560 934 724 1014 militibus,
746 958 786 1002 ne
804 935 846 1003 ob
866 935 948 1002 hanc
965 958 1039 1003 can-

69 1063 75 1098 t
95 1029 205 1097 animo
226 1039 481 1118 permoverentur
500 1052 576 1109 neu,
604 1030 689 1114 quod
709 1030 858 1116 iniquitas
879 1030 941 1097 loci
958 1040 1039 1097 attu-

69 1137 107 1206 et,
126 1125 164 1192 id
180 1124 288 1191 virtmi
303 1125 441 1192 hostium
459 1124 643 1203 tribuerent,
662 1126 773 1192 eadem
790 1127 829 1193 de
846 1125 1039 1213 profectione

69 1223 171 1298 itane,
198 1241 280 1305 quae
297 1229 369 1286 ante
394 1229 546 1298 senserat,
572 1219 715 1307 legiones
737 1243 777 1286 ex
799 1222 909 1288 castris
932 1221 1040 1288 eduxit

69 1337 175 1400 rmque
192 1314 305 1381 idoneo
322 1314 392 1381 loco
405 1313 573 1381 constituit.
600 1335 673 1380 cum
685 1312 925 1402 Vercingetorix
941 1315 1039 1382 nihilo

69 1410 113 1498 gis
138 1409 173 1473 in
195 1430 330 1494 aequum
351 1407 457 1474 locum
474 1408 689 1487 descenderet,
717 1407 780 1474 levi
801 1408 885 1474 facto
903 1409 1040 1494 equestri

69 1505 130 1570 elio
158 1510 252 1591 atque
277 1525 315 1569 eo
346 1502 484 1569 seeundo
514 1502 548 1568 in
577 1511 680 1568 castra
705 1500 876 1569 exercitum
905 1502 1038 1568 reduxit

69 1623 81 1664 ι
93 1598 161 1663 hoc
172 1595 257 1662 idem
268 1606 395 1683 postero
408 1597 459 1663 die
473 1596 608 1676 fecisset,
628 1597 704 1664 satis
718 1597 759 1663 ad
768 1593 923 1664 Gallicam
935 1605 1040 1664 osten-

69 1714 165 1760 onem
182 1691 383 1758 minuendam
400 1692 595 1779 militumque
613 1693 734 1761 animos
748 1692 977 1760 confirmandos
991 1693 1039 1759 fa·

69 1812 95 1853 n
114 1786 301 1853 existimans
322 1786 358 1852 in
373 1787 527 1854 Haeduos
549 1788 648 1854 movit
670 1798 781 1855 castra.
824 1812 865 1855 ne
886 1797 954 1855 tum
971 1788 1040 1872 qui-

69 1907 82 1948 1
98 1881 253 1947 insecutis
270 1880 413 1948 hostibus
431 1882 522 1948 tertio
541 1882 592 1948 die
610 1884 651 1949 ad
664 1883 781 1950 flumen
793 1882 912 1950 Elaver
927 1891 1037 1970 pontes

69 1976 224 2060 citatque
245 1975 415 2041 exereitum
437 1976 579 2042 baducit
623 1977 668 2043 ibi
689 1975 923 2044 aVrridomaro
945 1986 1039 2062 atque
1057 1995 1091 2045 54

69 2069 230 2156 sredorige
243 2069 387 2136 Haeduis
405 2070 578 2157 appellatus
597 2071 689 2137 discit
706 2093 779 2137 cum
797 2073 882 2137 omni
900 2072 1039 2155 equitatu

69 2167 196 2233 avicum
212 2166 253 2231 ad
271 2166 483 2233 sollicitandos
496 2166 650 2234 Haeduos
666 2164 857 2253 profectum:
875 2186 955 2252 opus
968 2186 1038 2231 esse

69 2285 96 2328 >s
115 2259 301 2326 antecedere
320 2261 361 2326 ad
379 2261 621 2327 confirmandam
645 2259 811 2326 civitatem.
856 2259 916 2326 etsi
932 2257 1038 2325 multis

69 2399 73 2422 =.
89 2354 190 2422 rebus
205 2354 370 2442 perfidiam
386 2354 594 2421 Haeduorum
615 2362 813 2442 perspectam
835 2351 973 2420 habebat
992 2361 1039 2418 at-

69 2487 70 2508 :
85 2450 203 2516 horum
215 2449 358 2516 discessu
371 2449 559 2516 admaturari
572 2448 778 2515 defectionem
788 2448 920 2514 civitatis
934 2446 1040 2514 existi·

69 2553 131 2622 sat,
150 2553 254 2610 tamen
271 2566 326 2611 eos
343 2544 521 2611 retinendos
538 2566 602 2609 non
619 2543 788 2622 constituit,
806 2564 847 2609 ne
859 2552 914 2609 aut
925 2542 1039 2609 inferre

69 2639 163 2705 niam
184 2635 342 2705 videretur
362 2648 417 2705 aut
434 2640 509 2706 dare
526 2639 647 2706 timoris
664 2638 802 2724 aliquam
819 2636 1038 2725 suspicionem.

69 2731 248 2799 :edentibus
265 2733 315 2800 his
333 2733 467 2801 breviter
484 2733 592 2800 suain
604 2733 758 2800 Haeduos
775 2732 885 2799 merita
897 2730 1038 2819 exponit:

69 2853 91 2895 s
116 2838 149 2894 et
170 2849 265 2913 quam
286 2828 421 2896 humiles
443 2828 630 2915 accepisset,
657 2828 838 2916 compulsos
858 2826 893 2894 in
914 2827 1038 2915 oppida,

69 2924 163 2989 ltatos
181 2923 265 3011 agris
284 2922 427 2989 omnibus
446 2924 559 3009 ereptis
578 2923 691 3010 copiis,
709 2923 856 3010 imposito
874 2921 1038 3010 stipendio,

70 3015 179 3083 idibus
207 3040 330 3083 summa
355 3039 427 3083 eum
453 3018 640 3085 contumelia
665 3018 807 3098 extortis,
835 3025 866 3084 et
891 3038 987 3102 quam
1006 3016 1041 3080 in

69 3123 174 3177 mnam
200 3133 356 3196 quamque
382 3111 416 3177 in
437 3111 672 3199 amplitudinem
694 3112 890 3189 deduxisset,
915 3119 1040 3175 utnon

69 3229 119 3272 nm
137 3205 171 3269 in
186 3205 353 3291 pristinum
371 3214 487 3270 statum
504 3206 672 3287 redissent,
692 3207 748 3273 sed
764 3204 904 3273 omnium
920 3213 1041 3290 tempo·

69 3324 83 3366 n
107 3297 294 3386 dignitatem
316 3308 348 3364 et
368 3299 501 3385 gratiam
528 3301 734 3368 antecessisse
758 3300 947 3366 viderentur.
989 3297 1040 3364 his

69 3394 96 3460 is
115 3392 286 3472 mandatis,
310 3414 364 3458 eos
382 3391 422 3458 ab
442 3415 476 3459 se
493 3394 620 3460 dimisit
663 3393 884 3459 Noviodunum
901 3401 967 3460 erat
984 3416 1042 3481 op-
1058 3413 1091 3464 ts

69 3510 126 3554 um
142 3485 350 3554 Haeduorum
367 3487 408 3552 ad
424 3486 509 3575 ripas
525 3487 652 3575 Ligeris
675 3495 848 3573 opportuno
870 3488 940 3555 loco
956 3488 1042 3575 posi·

69 3604 91 3647 1.
128 3580 191 3647 huc
209 3579 329 3648 Caesar
346 3603 455 3648 omnes
473 3580 599 3648 obsides
618 3579 750 3658 Galliae,
767 3579 968 3661 frumentum,
985 3603 1046 3668 per

69 3675 141 3741 dam
154 3675 322 3762 publicam,
337 3697 463 3742 suorum
477 3684 570 3760 atque
583 3673 736 3742 exercitus
749 3673 1040 3761 impedimentorum

69 3782 165 3859 gnam
182 3780 303 3857 partem
321 3770 506 3849 contulerat3
524 3769 587 3836 huc
600 3791 751 3856 magnum
762 3790 928 3834 numerum
944 3788 1041 3853 equo·

69 3889 84 3930 n
101 3863 197 3931 huius
214 3863 290 3932 belli
306 3885 402 3932 causa
418 3864 451 3930 in
467 3863 560 3930 Italia
577 3873 670 3948 atque
687 3862 845 3950 Hispania
862 3866 1041 3950 coemptum

69 3968 153 4026 serat
202 3981 240 4027 eo
267 3981 339 4026 cum
360 3958 557 4045 Eporedorix
578 3957 856 4042 Viridomarusque
882 3956 1042 4026 venissent

69 4055 106 4122 de
128 4062 213 4121 statu
230 4052 364 4122 civitatis
386 4053 621 4142 cognovissent,
645 4051 833 4122 Litauioum
842 4049 1054 4120 ll'hraaiaabs
