2414 4336
160 201 223 269 134
472 214 526 273 Da
541 213 669 274 BELLO
688 213 857 274 clauco

158 350 260 409 torum
276 361 317 408 ex
333 340 442 407 castris
456 339 672 426 mulorumque
686 341 817 428 produci
830 341 934 426 deque
946 338 996 407 his
1011 349 1089 418 stram

157 434 277 502 deoahi
301 435 516 520 mulionesque
542 458 616 501 cum
640 434 816 502 cassidibus
844 436 987 521 equitum
1011 436 1089 523 speci

157 528 352 596 simulatione
374 528 504 596 collibus
527 529 717 595 circumvehi
736 529 832 596 iubet
877 530 927 595 his
954 553 1089 618 paucosr

157 623 290 708 equites,
312 625 368 708 qui
384 623 476 689 latius
495 624 709 690 ostentationis
728 645 825 690 causa
840 635 1039 711 vagarentur.
1075 624 1089 688 l

156 718 287 784 circuitu
303 720 429 784 easdem
447 740 554 785 omnes
572 717 659 784 iubet
676 728 782 805 petere
795 720 954 808 regiones.
979 720 1054 786 haec
1065 742 1089 806 pr

156 834 197 879 ex
217 812 332 900 oppido
353 812 552 890 videbantur,
577 823 613 878 ut
635 823 702 879 erat
728 837 748 880 a
770 811 932 901 Gergovia
959 815 1089 901 despectu

156 916 271 987 caetra,
288 928 390 992 neque
407 916 493 973 tanto
511 908 626 994 spatio,
646 909 722 975 certi
739 909 814 994 quid
832 917 931 987 esset,
953 909 1089 996 explorari

155 1011 243 1069 terat.
285 1000 442 1087 legionem
458 1024 554 1066 unam
570 1001 682 1067 eodem
698 1003 774 1090 iugo
791 1002 887 1068 mittit
909 1011 942 1067 et
963 1002 1084 1089 paulum

155 1118 297 1184 grossam
312 1095 458 1162 inferiore
475 1096 635 1162 constituit
652 1095 722 1161 loco
740 1096 890 1182 silvisque
907 1097 1051 1163 occultat
1076 1119 1089 1162 a

155 1200 206 1255 tur
227 1185 327 1256 Gallis
350 1190 487 1277 suspicio
509 1198 601 1275 atque
624 1212 732 1256 omnes
754 1190 808 1256 illo
834 1191 1044 1258 munitionum
1066 1212 1089 1256 ct

156 1284 366 1351 traducuntur.
414 1306 514 1351 vacua
540 1294 641 1350 cosma
666 1284 804 1351 hostium
831 1283 954 1352 Caesar
981 1285 1089 1371 conspio

155 1379 245 1446 tectis
266 1378 442 1465 insignibus
466 1400 593 1447 suorum
618 1379 843 1462 occultatisque
870 1380 973 1466 signis
995 1380 1089 1444 militar

154 1495 241 1540 raros
259 1473 387 1552 milites,
413 1494 454 1538 ne
471 1493 511 1538 ex
528 1473 643 1560 oppido
661 1473 995 1553 animadverterentur,
1021 1494 1089 1539 exn

154 1567 240 1633 ribus
258 1567 368 1633 castris
385 1565 419 1631 in
436 1566 557 1634 minora
573 1568 707 1634 traducit
724 1567 914 1655 legatisque,
943 1590 1022 1653 quos
1043 1569 1089 1654 sing

153 1660 330 1748 legionibus
346 1661 548 1748 praefecerat,
567 1663 643 1747 quid
655 1663 722 1728 fieri
735 1662 838 1742 vellet,
857 1663 1008 1729 ostendit:
1025 1663 1089 1748 impr

153 1764 274 1832 monet,
292 1764 327 1819 ut
344 1755 520 1821 contineant
538 1755 665 1834 milites,
687 1779 727 1823 nc
746 1755 850 1822 studio
868 1757 1031 1844 pugnandi
1046 1764 1087 1820 aut

154 1848 288 1936 praedae
305 1847 429 1936 longius
445 1850 697 1936 progrediantur3
720 1851 797 1936 quid
813 1851 964 1936 iniquitas
984 1850 1043 1917 loci
1057 1847 1089 1913 hol

154 1943 357 2022 incommodi,
384 1943 542 2030 proponit:
569 1944 630 2009 hoo
654 1967 719 2010 una
745 1945 901 2012 celeritate
928 1967 1022 2032 posse
1045 1966 1089 2008 mu

155 2037 329 2106 occasionis
356 2059 534 2116 asserem,
565 2060 630 2104 non
655 2039 773 2124 proelii.
817 2039 867 2105 his
892 2038 989 2106 rebus
1015 2057 1089 2124 expo

154 2135 280 2221 signum
302 2134 355 2199 dat
378 2142 408 2199 et
429 2132 469 2199 ab
492 2134 601 2200 dextra
622 2142 711 2219 parte
732 2133 793 2199 alio
815 2155 950 2201 ascensu
971 2135 1089 2201 eodemt

102 2249 134 2299 46
152 2250 228 2315 pore
242 2228 396 2295 Haeduos
410 2227 512 2293 mittit
535 2228 643 2315 oppidi
654 2250 763 2294 murus
776 2226 816 2294 ab
829 2227 965 2314 planicie
978 2238 1066 2314 atque
1077 2227 1089 2291 i

153 2344 302 2389 ascensus
319 2331 405 2388 recta
421 2321 562 2409 regione,
591 2322 618 2388 si
639 2321 744 2388 nullus
767 2321 938 2388 amfractus
960 2322 1088 2389 interced

152 2415 250 2482 MCC
268 2437 381 2502 passus
399 2415 519 2482 aberat:
547 2416 699 2501 quidquid
720 2415 782 2482 huc
804 2416 951 2482 circuitus
974 2418 1016 2482 ad
1035 2415 1089 2480 mol

153 2511 228 2575 dum
254 2510 370 2576 clivum
394 2519 583 2588 accesserat,
610 2510 643 2575 id
665 2510 800 2596 spatium
825 2509 945 2576 itineris
968 2511 1089 2598 augebat

152 2604 255 2669 medio
272 2604 339 2670 fere
361 2604 439 2670 colle
461 2606 495 2670 in
515 2605 756 2692 longitudinem,
779 2614 814 2670 ut
830 2615 944 2672 natura
964 2608 1089 2672 montis¹

151 2696 215 2774 bat,
234 2719 274 2762 ex
290 2696 461 2784 grandibus
480 2699 564 2765 sexis
579 2721 636 2765 sex
647 2700 765 2787 pedum
778 2721 912 2778 murum,
932 2701 989 2785 qui
1001 2710 1089 2767 nostr

155 2791 305 2877 impetum
323 2792 467 2872 tardaret,
485 2795 714 2880 praeduxerant
728 2792 813 2861 Galli
825 2803 920 2879 atque
932 2795 1089 2862 inferiore·

153 2884 253 2971 spatio
275 2906 375 2951 vacuo
396 2885 504 2953 relicto
530 2889 721 2974 superiorem
746 2897 867 2974 partem
893 2889 984 2956 collis
1011 2912 1089 2975 usqu

151 3001 275 3046 murum
296 2980 403 3066 oppidi
425 2980 620 3048 densissimis
643 2982 752 3050 castris
775 2983 1020 3069 compleverant
1062 3007 1089 3048 m

151 3075 224 3140 dato
251 3074 341 3162 signo
367 3074 509 3141 celeriter
532 3078 574 3142 ad
599 3078 803 3144 munitionem
832 3080 1023 3164 perveniunt
1047 3102 1089 3145 ear

151 3170 338 3256 transgressi
355 3169 443 3236 trinis
461 3171 571 3236 castris
588 3171 761 3256 potiuntur3
779 3194 817 3237 ac
834 3181 921 3238 tanta
938 3173 1001 3239 fuit
1018 3175 1051 3239 in
1067 3196 1089 3239 c

150 3264 308 3349 capiendis
318 3264 469 3344 celeritas,
487 3274 523 3329 ut
532 3264 746 3344 Teutomatus,
765 3265 1056 3354 rexNitiobrigum,
1074 3292 1089 3334 s

149 3355 183 3420 in
199 3355 400 3424 tabernaculo
417 3381 603 3445 oppressus,
625 3368 661 3423 ut
677 3359 807 3425 meridie
825 3361 1065 3444 conquieverat,
1083 3385 1089 3427 ε

149 3450 229 3517 riore
247 3454 384 3539 corporis
401 3465 490 3540 parte
507 3455 625 3520 nudata
642 3453 803 3520 vulnerato
826 3476 908 3540 equo
925 3455 984 3521 vix
1002 3478 1037 3523 se
1055 3479 1089 3522 ex

99 3565 132 3614 4⁷
149 3545 241 3615 nibus
259 3549 476 3634 praedantium
493 3548 627 3614 militum
644 3549 786 3635 eriperet.
822 3559 1016 3617 consecutus
1033 3552 1074 3629 id,

150 3640 254 3707 animo
271 3653 483 3728 proposuerat,
504 3642 623 3709 Caesar
639 3644 778 3729 receptui
793 3645 862 3709 cani
875 3644 969 3710 iussit
982 3645 1089 3734 legion*

150 3735 302 3813 decimae,
329 3758 464 3821 quacum
490 3746 571 3816 erat,
597 3737 796 3804 concionatus
823 3738 915 3825 signa
935 3738 1089 3805 constituit

148 3829 338 3915 reliquarum
350 3830 464 3897 milites
476 3830 636 3918 legionum
649 3854 713 3903 non
722 3832 869 3897 exaudito
881 3831 979 3898 tubae
990 3854 1076 3911 sono,

147 3924 225 3990 satis
243 3947 359 4013 magna
374 3924 473 3992 valles
485 3925 704 4004 intercedebat,
723 3935 827 3990 tamen
840 3925 880 3991 ab
894 3926 1030 3994 tribunis
1043 3927 1089 3992 mil

137 4018 331 4108 legatisque,
345 4031 461 4088 uteret
474 4046 495 4088 a
503 4020 645 4088 Caesare
656 4021 1089 4107 praeceptum,retinebsntm,
