2414 4336
345 270 464 328 OOMM.
480 270 517 327 V.
534 271 618 326 3-7.
952 254 994 320 73

10 414 75 461 nre
84 393 210 460 exarsit.
232 392 282 458 his
290 391 385 459 rebus
395 394 571 460 constitutis
582 393 701 460 Caesar
713 391 753 457 ad
765 400 889 478 portum
897 391 1027 460 Itinm5

10 510 43 563 ιι
57 486 236 576 legionibus
254 489 403 575 pervenit.
431 488 475 555 ibi
489 489 649 576 cognoscit
661 487 731 553 LX
742 509 849 566 naves,
868 487 995 571 quaein

10 578 87 657 ildrs
110 583 213 649 factae
240 592 341 661 erant,
368 593 554 669 tempestate
579 583 710 648 reiectas
738 603 865 647 cursum
890 590 995 646 tenere

10 677 181 765 ppotursse
191 686 285 761 atque
294 676 414 755 eodem
432 676 515 742 unde
530 686 616 741 erant
628 675 797 762 profectae,
815 673 994 751 revertisse,

10 770 104 857 iquas
122 780 248 880 paratas
266 770 308 836 ad
327 771 541 879 navigandum
558 780 652 854 atque
670 769 815 836 omnibus
836 768 996 835 rebusin·

10 875 103 955 poue
121 864 250 929 invenit.
294 865 405 929 eodem
422 865 516 930 totius
536 861 658 930 Galliae
676 865 832 949 equitatus
851 861 996 930 convenit

10 974 99 1049 'uero
116 959 238 1023 milium
256 967 401 1044 quattuor
421 959 640 1046 principesque
663 959 809 1025 omnibus
827 982 867 1026 ex
888 959 996 1024 civita-

10 1070 70 1139 μσς
92 1051 264 1137 exquibus
283 1074 471 1138 perpaucos,
494 1074 628 1136 quorum
649 1054 683 1118 in
701 1076 735 1119 se
757 1053 852 1119 fidem
868 1073 997 1140 perspe-

63 1194 72 1226 ,
93 1146 269 1232 relinquere
285 1147 319 1211 in
338 1144 455 1225 Galba,
477 1146 614 1231 reliquos
633 1146 779 1213 obsidum
800 1147 870 1213 loco
888 1168 997 1212 secum

98 1240 287 1318 decreverat,
305 1241 399 1323 quod,
418 1241 572 1326 cumipse
586 1239 721 1318 abesset,
739 1250 859 1306 motum
874 1236 997 1306 Galliae

10 1331 145 1427 gebatur.
190 1343 256 1400 erat
272 1357 337 1399 una
354 1357 426 1400 cum
444 1335 554 1401 ceteris
572 1333 752 1400 Dumnorix
768 1333 937 1412 Haeduus,
957 1333 1029 1402 dee

53 1438 123 1494 ante
141 1427 183 1494 ab
200 1427 290 1494 nobis
308 1428 492 1493 dictumt
444 1440 502 1494 est
528 1429 613 1493 bunc
631 1450 738 1493 secum
754 1426 897 1494 habore'
888 1450 922 1492 m
933 1428 997 1513 pri·

10 1523 260 1633 constituerat,
279 1523 364 1632 quod
381 1545 453 1588 eum
471 1523 618 1610 cupidum
637 1544 741 1589 rerum
757 1545 924 1601 novarum,
943 1543 997 1586 cu-

95 1616 233 1703 imerii,
256 1617 364 1704 magni
381 1616 490 1694 animi,
514 1639 647 1703 magnae
664 1617 745 1682 inter
763 1613 873 1682 Gallos
890 1626 998 1681 aucto·

10 1704 68 1778 ‘etis
91 1719 292 1798 cognoverat.
336 1709 505 1777 accedebat
526 1711 602 1789 buc,
625 1711 740 1795 quod
731 1734 795 1776 ram
811 1711 844 1775 in
866 1709 997 1776 concilio

10 1806 178 1872 eduorum
194 1803 374 1871 Dumnorix
391 1805 514 1871 dixerat
531 1805 592 1872 sibi
609 1828 629 1871 a
648 1804 785 1872 Caesare
802 1827 936 1893 regnum
954 1803 998 1869 ei-

10 1900 74 1966 'atis
94 1898 224 1979 deferri3
247 1899 333 1984 quod
350 1899 466 1964 dictum
485 1899 613 1965 Haedui
630 1901 767 1986 graviter
783 1898 926 1965 ferebant
942 1920 998 1964 ne·

10 2005 27 2051 ³
46 1992 218 2060 recusandi
235 2003 290 2058 aut
307 1993 495 2079 deprecandi
512 2015 608 2059 causa
629 1993 749 2080 legatos
767 1993 809 2058 ad
827 1991 998 2058 Caesarem

10 2087 92 2154 ltere
114 2085 283 2153 audebant
331 2087 366 2152 id
387 2087 506 2153 factum
451 2110 568 2153 umex
590 2087 656 2153 suis
677 2085 854 2174 hospitibus
878 2086 997 2153 Caesar

10 2190 173 2262 {noverat
199 2180 252 2246 ille
269 2181 415 2247 omnibus
432 2182 533 2268 primo
551 2180 696 2268 precibus
709 2191 815 2267 petere
829 2180 995 2256 contendit,

10 2267 50 2341 'tn
59 2273 168 2343 Gallia
181 2275 415 2360 relinqueretur,
433 2276 557 2362 partim,
576 2275 683 2360 quod
673 2286 815 2340 msuetus
828 2273 998 2360 navigandi

10 2387 55 2436 ue
73 2369 212 2448 timeret,
234 2369 361 2455 partim,
379 2370 465 2455 quod
481 2369 685 2457 religionibus
703 2368 846 2455 impediri
864 2389 934 2433 sese
951 2366 999 2432 di·

10 2473 64 2531 et
114 2472 322 2550 posteaquam
346 2463 380 2529 id
405 2463 561 2531 obstinate
583 2462 644 2530 eibi
665 2463 774 2549 negari
795 2462 886 2541 vidit,
913 2461 999 2528 omni

10 2557 230 2645 simpetrandi
243 2559 388 2645 adempta
400 2559 557 2646 principes
573 2556 696 2626 Galbae
714 2558 889 2637 sollicitare,
908 2579 999 2624 sevo·

10 2671 41 2718 re
60 2651 203 2738 singulos
220 2652 397 2737 hortarique
416 2653 532 2739 coepit,
554 2652 601 2718 nti
617 2653 650 2717 in
668 2652 838 2718 continenti
858 2673 999 2719 remane-

10 2755 53 2825 1t3
78 2755 166 2810 metu
183 2746 335 2812 territare:
358 2769 424 2813 non
441 2746 510 2813 sine
527 2769 624 2813 cansa
640 2747 721 2825 fieri,
739 2757 774 2812 ut
793 2744 898 2813 Gallia
915 2747 999 2813 omni

10 2835 134 2909 bilitate
152 2839 345 2926 spoliaretur,
362 2841 396 2906 id
413 2862 484 2906 esse
502 2841 667 2908 consilium
681 2839 837 2921 Caesaris,
856 2851 901 2921 ut,
918 2863 998 2926 quos

25 2943 199 3020 conspectu
218 2930 340 3001 Galliae
361 2934 535 3001 interficere
556 2946 728 3015 vereretur,
755 2935 814 3002 bos
837 2957 945 3002 omnes
967 2935 1000 2999 in

10 3029 171 3095 ritanniam
188 3028 347 3095 traductos
365 3038 504 3108 necaret3
527 3028 622 3096 fidem
643 3029 771 3114 reliquis
793 3029 998 3116 interponere,

10 3122 193 3190 rimandum
208 3144 353 3208 poscere,
371 3132 420 3202 ut,
444 3123 529 3208 quod
547 3146 617 3190 esse
634 3145 675 3189 ex
691 3145 753 3187 usu
771 3119 893 3188 Galliae
910 3119 1001 3186 intel-

10 3216 139 3294 rissent,
157 3218 315 3282 communi
332 3217 462 3283 consilio
480 3216 740 3283 administrarent.
784 3216 862 3280 haec
879 3238 899 3280 a
916 3236 1001 3279 com-

10 3309 118 3378 nribns
135 3311 177 3376 ad
195 3309 364 3378 Caesarem
382 3309 611 3377 deferebantur.
647 3331 711 3395 qua
727 3331 761 3375 re
778 3309 904 3395 cognita
918 3305 1000 3373 Cae·
1018 3325 1032 3371 ι

10 3427 41 3485 ι,
68 3405 156 3488 quod
181 3414 302 3471 tantum
328 3405 446 3472 civitati
468 3404 622 3470 Haeduae
648 3403 807 3490 dignitatis
834 3400 999 3480 tribuebat,

10 3499 183 3566 ›brcendum
201 3508 294 3584 atque
311 3499 538 3577 deterrendum,
557 3498 806 3584 quibuscumque
819 3495 913 3562 rebus
926 3518 1001 3583 pos·

10 3602 40 3672 t,
60 3591 293 3681 Dumnorigem
311 3592 480 3672 statuebat3
503 3592 589 3675 quod
605 3591 730 3678 longius
749 3590 815 3656 eius
833 3591 1001 3655 amentiam

10 3686 123 3774 regredi
139 3686 280 3766 videbat,
302 3687 570 3773 prospiciendum,
596 3707 636 3751 ne
659 3685 735 3770 quid
757 3685 818 3751 sibi
839 3706 877 3750 ac
897 3685 1001 3770 reipu-

10 3777 77 3848 licoe
94 3803 207 3849 nocere
223 3791 341 3869 posset.
366 3782 472 3867 itaque
489 3781 557 3848 dies
576 3780 697 3847 circiter
713 3777 819 3845 XXV
835 3779 868 3843 in
881 3799 919 3843 eo
931 3777 1001 3842 loco

10 3885 198 3986 ommoratus,
215 3876 301 3962 quod
315 3874 417 3943 Corus
430 3885 544 3942 ventus
557 3874 788 3986 navigationem
800 3870 999 3958 impediebat,

10 3969 37 4051 ui
50 3994 197 4082 magnam
213 3981 335 4058 partem
352 3971 453 4036 omnis
471 3969 619 4056 temporis
636 3968 671 4033 in
687 3968 737 4034 his
749 3967 826 4034 locis
840 3965 915 4032 flare
927 3987 1001 4032 con·

10 4066 89 4147 uouit,
107 4064 203 4133 dabat
216 4086 354 4155 operam,
371 4066 427 4131 ut'
417 4088 451 4132 ιιι
463 4063 807 4150 officioDumnorigem
819 4061 999 4144 contineret,
