2528 4336
186 220 247 303 ua
499 244 697 304 nunnuno
716 243 886 304 cnnmco

182 375 289 454 nostri,
307 393 503 461 magnusque
516 371 672 457 utrimque
685 369 802 437 clamor
814 366 979 436 oriebatur.
1005 367 1050 436 ita
1062 367 1204 453 quisque,
1243 372 1253 417 i

183 478 219 535 ut
239 478 305 535 erat
326 468 463 534 maxime
484 465 631 553 insignis,
658 486 722 550 quo
749 464 852 530 notior
878 463 1080 548 testatiorque
1107 462 1204 529 virtus
1245 505 1252 557 3

132 584 165 633 43
183 573 268 633 esset
285 562 362 642 eius,
381 561 451 628 telis
467 560 607 628 hostium
624 560 830 644 flammaeque
849 580 884 625 se
897 557 1059 624 offerebat
1088 555 1207 624 Caesar
1246 580 1250 615 .·

183 681 255 726 cum
273 657 447 743 complures
466 679 540 723 suos
559 654 714 721 vulnerari
731 653 860 734 videret,
879 674 919 719 ex
936 652 1081 719 omnibus
1101 651 1207 739 oppidi
1250 670 1252 675 ⁴

182 753 322 842 partibus
341 752 484 818 cohortes
506 759 645 817 montem
667 748 837 815 ascendere
859 758 890 815 et
908 748 1105 815 simulatione
1123 767 1207 813 moe-

182 849 270 917 nium
287 847 539 933 occupandorum
557 844 723 910 clamorem
742 843 879 929 undique
896 841 983 909 iubet
999 842 1118 909 tollere.
1145 863 1207 928 quo

183 943 267 1011 facto
284 939 438 1028 perterriti
455 938 615 1025 oppidani,
639 959 725 1017 cum,
747 937 824 1023 quid
846 947 990 1025 ageretur
1010 938 1043 1003 in
1064 937 1144 1004 locis
1160 958 1208 1003 re

184 1035 285 1121 liquis,
304 1042 409 1100 essent
427 1033 581 1119 suspensi,
599 1040 747 1097 revocant
763 1031 803 1098 ab
821 1031 1042 1119 impugnandis
1060 1029 1206 1118 operibus

184 1138 318 1196 armatos
344 1128 378 1193 in
404 1127 562 1212 murisque
589 1125 767 1213 disponunt.
816 1127 861 1192 ita
886 1127 984 1194 nostri
1008 1126 1071 1193 fine
1097 1125 1207 1213 proelii

72 1301 73 1304 Ἴ
183 1225 267 1291 facto
289 1221 429 1289 celeriter
450 1244 545 1309 opera
567 1221 693 1287 flamma
715 1220 941 1307 comprehensa
961 1221 1075 1308 partim
1097 1222 1207 1288 restin-

183 1328 297 1407 guunt,
315 1318 429 1406 partim
445 1316 681 1383 interscindunt
726 1337 798 1381 cum
814 1316 1012 1403 pertinaciter
1027 1315 1208 1383 resisterent

185 1413 345 1501 oppidani,
373 1435 489 1500 magna
506 1412 600 1478 etiam
621 1419 710 1498 parte
732 1410 849 1476 amissa
868 1412 919 1477 siti
940 1433 1070 1477 suorum
1087 1411 1123 1476 in
1140 1433 1209 1478 sen-

184 1509 281 1574 tentia
297 1515 527 1594 permanerent,
554 1506 594 1572 ad
610 1514 805 1592 postremum
821 1504 973 1570 cuniculis
997 1526 1097 1571 venae
1114 1504 1207 1571 fontis

184 1601 347 1668 intercisae
366 1610 437 1668 sunt
454 1610 548 1686 atque
565 1620 704 1666 aversae.
736 1621 799 1684 quo
816 1598 900 1665 facto
917 1608 1045 1685 repente
1063 1600 1208 1686 perennis

185 1695 305 1762 exaruit
326 1695 397 1761 fons
420 1704 601 1779 tantamque
624 1694 726 1760 attulit
749 1693 913 1780 oppidanis
936 1693 1046 1759 salutis
1063 1695 1209 1781 despera

184 1789 311 1868 tionem,
329 1799 364 1855 ut
376 1789 410 1854 id
422 1812 485 1855 non
497 1788 658 1855 hominum
673 1788 812 1867 consilio,
833 1788 890 1854 sed
903 1789 1032 1853 deorum
1049 1788 1208 1855 voluntate

185 1883 303 1949 facturn
319 1891 473 1970 putarent.
508 1884 614 1968 itaque
632 1906 667 1950 se
684 1883 871 1949 necessitate
889 1883 988 1948 coacti
1006 1883 1207 1950 tradiderunt

133 1989 168 2038 44
187 1977 319 2056 Caesar,
351 1999 422 2042 cum
448 2000 538 2042 suam
564 1976 723 2042 lenitatem
754 1978 912 2064 cognitam
943 1976 1089 2044 omnibus
1119 1980 1209 2045 sciret

185 2095 287 2158 neque
303 2081 469 2151 vereretur,
489 2094 529 2137 ne
546 2071 622 2157 quid
641 2071 822 2138 crudelitate
835 2081 964 2138 naturae
983 2072 1144 2138 videretur
1160 2095 1209 2138 as-

186 2168 289 2254 perius
308 2166 435 2246 fecisse,
454 2189 555 2252 neque
573 2167 692 2232 exitum
706 2166 905 2233 consiliorum
923 2188 1052 2233 suorum
1069 2168 1209 2234 animad-

185 2270 330 2341 verteret,
359 2262 386 2327 si
411 2261 466 2326 tali
490 2262 608 2327 ratione
636 2261 767 2327 diversis
793 2261 826 2325 in
851 2260 929 2327 locis
952 2261 1057 2347 plures
1079 2263 1210 2328 consiliu

185 2357 329 2436 inissent,
360 2355 504 2442 exemplo
534 2355 679 2443 supplicii
709 2356 909 2422 deterrendos
935 2354 1072 2440 reliquos
1103 2357 1211 2423 existi-

185 2451 290 2516 mavit.
333 2449 439 2534 itaque
457 2448 615 2529 omnibus,
643 2451 698 2535 qui
715 2473 802 2516 arma
818 2449 964 2529 tulerant,
990 2473 1102 2515 manus
1122 2472 1210 2536 prae-

187 2545 261 2610 cidit
277 2544 436 2628 vitamque
453 2545 616 2624 concessit,
635 2567 698 2629 quo
717 2545 858 2611 testatior
875 2555 959 2610 esset
975 2566 1077 2630 poena
1094 2546 1211 2632 impro-

186 2639 305 2706 borum.
331 2638 489 2726 Drappes,
507 2661 602 2725 quem
620 2648 747 2726 captum
759 2662 829 2707 esse
842 2664 862 2706 a
876 2639 1009 2707 Caninio
1022 2640 1125 2719 docui,
1143 2641 1211 2706 sive

184 2733 368 2820 indignitate
386 2743 417 2799 et
434 2733 540 2798 dolore
557 2733 752 2800 vinculorum
765 2734 831 2801 sive
845 2735 956 2800 timore
968 2735 1121 2821 gravioris
1136 2756 1211 2821 sup-

185 2826 270 2914 plicii
294 2826 403 2912 paucis
430 2825 540 2892 diebus
567 2826 637 2895 cibo
664 2851 699 2894 se
725 2826 875 2909 abstinuit
900 2837 994 2913 atque
1019 2829 1063 2895 ita
1084 2829 1210 2894 interiit.

187 2920 296 2986 eodem
323 2928 461 3005 tempore
486 2921 670 3002 Lucterius,
701 2945 796 3009 quem
821 2922 1001 3010 profugisse
1026 2945 1067 2988 ex
1091 2923 1211 3009 proelio

187 3013 312 3101 scripsi,
343 3035 413 3080 cum
440 3013 473 3079 in
498 3024 685 3101 potestatem
711 3017 850 3083 venisset
875 3017 1049 3103 Epasnacti
1075 3016 1213 3084 Arverni

187 3108 308 3191 (crebro
328 3109 410 3175 enim
427 3111 585 3176 mutandis
602 3110 680 3178 locis
698 3112 868 3178 multorum
889 3111 964 3178 fidei
986 3133 1020 3177 se
1038 3114 1212 3179 committe-

186 3203 253 3283 bat,
280 3204 365 3290 quod
391 3227 546 3290 nusquam
568 3205 685 3271 diutius
709 3208 776 3273 sine
801 3206 940 3293 periculo
962 3217 1211 3275 commoraturus

187 3298 358 3380 videbatur,
378 3322 449 3366 cum
460 3301 520 3368 sibi
533 3302 677 3368 conscius
690 3313 783 3381 esset,
802 3324 897 3387 quam
909 3302 1069 3367 inimicum
1084 3302 1214 3371 deberet

189 3391 357 3461 Caesarem
374 3394 517 3482 habere),
540 3395 624 3461 hunc
640 3396 839 3482 Epasnactus
857 3394 1019 3463 Arvernus
1025 3445 1035 3476 ,
1059 3398 1213 3464 amicissi-

187 3509 258 3552 mus
271 3489 378 3575 populi
390 3489 535 3569 Romani,
555 3491 622 3557 sine
636 3489 827 3556 dubitatione
841 3490 904 3557 ulla
921 3491 1062 3557 vinctum
1074 3491 1115 3557 ad
1130 3490 1213 3558 an-

188 3603 289 3648 sarem
307 3584 444 3650 deduxit.

137 3695 169 3743 45
250 3676 412 3744 Labienus
435 3678 557 3744 iuterim
575 3666 613 3745 'in
631 3681 777 3746 Treveris
796 3689 941 3765 equestre
958 3679 1111 3767 proelium
1134 3679 1213 3746 facit

189 3772 360 3837 secuudum
382 3773 654 3859 comphrribusqne
672 3774 817 3841 Treveris
840 3774 1011 3840 interfectis
1029 3782 1059 3839 et
1078 3771 1213 3840 Germa·

182 3865 243 3943 nis,
263 3866 316 3951 qui
329 3866 424 3934 nullis
438 3868 589 3936 adversus
598 3869 759 3937 Romanos
773 3869 889 3935 auxilia
902 3867 1108 3957 denegabant,
1126 3869 1212 3954 prin-

169 3957 260 4044 cipes
277 3983 388 4029 eorum
409 3964 502 4033 vivos
517 3965 635 4055 redigit
650 3966 688 4032 iu
700 3989 793 4034 suam
801 3973 993 4051 potestatem
1005 3973 1100 4045 atque
1110 3963 1150 4025 in
1159 3962 1211 4026 bis

152 4046 280 4121 Suam
308 4056 515 4145 Haeduum,
547 4062 610 4150 qui
639 4071 676 4135 et
705 4060 836 4128 virtutis
863 4065 896 4124 et
926 4053 1053 4142 gessius
1076 4073 1236 4119 summum
