2414 4336
403 120 521 177 COMM.
538 120 617 178 Vlll.
636 118 754 176 49-5a
1024 104 1084 170 175

51 251 157 317 quam
179 235 324 300 maximis
347 235 508 302 itineribus
531 245 579 301 est
601 235 774 321 profectus,
800 245 836 300 ut
861 234 1031 320 municipia
1052 245 1084 300 et

36 322 199 386 -oolonias
227 321 408 407 appellaret,
435 321 548 406 quibus
575 321 622 386 M.
650 320 795 400 Antonii,
822 321 996 406 quaestoris
1024 320 1083 399 sui,

47 407 335 472 commendaverat
357 407 521 472 sacerdotii
542 408 733 493 petitionem.
778 405 984 472 contendebat
1001 405 1084 471 enim

42 493 163 575 gratia
180 514 252 558 oum
269 492 400 559 libenter
417 516 473 578 pro
491 493 617 558 homine
635 491 696 558 sibi
709 492 971 571 coniunctissimo,
990 512 1084 577 quem

40 578 156 722 paulo
175 587 246 643 ante
263 579 466 663 praemiserat
482 579 524 643 ad
540 577 735 665 petitionem,
761 587 827 643 tum
849 578 960 644 acriter
977 586 1085 643 contra

62 663 231 729 actionem
248 674 279 730 et
296 665 467 748 potentiam
484 686 666 750 paucorum,
684 664 740 748 qui
756 663 804 728 M.
822 663 943 728 Antoni
959 662 1086 749 repulsa

44 743 211 814 Caesaris
233 750 411 815 decedentis
472 751 567 814 etiam
589 749 764 816 convellere
782 749 957 835 cupiebant.
1001 749 1084 813 hunc

41 835 121 899 etsi
143 856 296 919 augurem
317 835 404 919 prius
441 845 557 914 actum,
585 858 679 921 quam
701 835 826 900 Italiam
847 835 1025 921 attingeret,
1052 833 1085 898 in

42 914 172 984 itinere
199 921 352 997 audierat,
380 930 485 986 tamen
510 943 574 986 non
599 921 703 986 miuus
729 920 844 986 iustam
871 919 932 986 sibi
957 942 1085 985 causam

44 1005 233 1091 municipia
254 1015 284 1070 et
307 1006 443 1071 colonias
466 1006 602 1073 adeundi
624 1006 826 1084 existimavit,
854 1016 889 1071 ut
911 1005 950 1070 iis
967 1004 1084 1091 gratias

48 1099 183 1176 ageret,
211 1092 295 1175 quod
316 1091 523 1176 frequentiam
549 1101 642 1177 atque
668 1091 808 1157 officium
831 1113 923 1155 suum
944 1089 1085 1156 Antonio

52 1176 302 1260 praestitissent,
335 1176 489 1261 sumulque
515 1199 550 1242 se
576 1185 607 1242 et
631 1176 782 1243 honorem
808 1198 901 1241 suum
926 1177 1084 1261 sequentis
1126 1210 1129 1217 ·

60 1263 136 1327 anni
159 1263 403 1340 commendaret,
431 1272 595 1348 propterea
615 1262 701 1346 quod
721 1262 890 1329 insolenter
915 1261 1085 1327 adversarii
1165 1275 1166 1278 ’

68 1348 113 1412 sui
134 1347 341 1434 gloriarentur
361 1349 403 1413 L.
421 1347 594 1412 Lentulum
616 1357 647 1412 et
670 1346 708 1414 O.
730 1346 918 1431 Marcellum
940 1347 1085 1413 consules

10 1445 18 1485 ⁵
69 1444 198 1512 creatos,
217 1434 271 1518 qui
289 1455 413 1499 omnem
431 1433 580 1499 honorem
598 1443 629 1498 et
646 1433 830 1520 dignitatem
849 1432 995 1500 Caesaris
1014 1454 1085 1518 spo·

10 1530 21 1569 ¹
71 1513 187 1596 liarent,
215 1528 356 1605 ereptum
375 1517 443 1585 Ser.
463 1517 585 1585 Galbae
607 1519 818 1598 considatum,
846 1540 919 1584 cum
936 1519 964 1584 is
987 1518 1085 1584 multo

10 1646 21 1653 -
69 1602 133 1683 plus
157 1605 258 1689 gratia
279 1603 500 1691 suffragiisque
521 1605 685 1684 valuisset,
711 1605 797 1689 quod
818 1604 879 1671 sibi
901 1605 1085 1671 coniunctus

10 1688 31 1740 ·'·⁸
69 1696 95 1752 et
111 1689 320 1756 familiaritate
339 1700 370 1756 et
387 1691 610 1756 consuetudine
627 1691 792 1779 legationis
811 1700 903 1757 esset.
935 1700 1084 1776 exceptus
1103 1712 1134 1760 51

10 1808 25 1823 -
64 1785 112 1866 pst
131 1773 276 1841 Caesaris
299 1776 452 1842 adventus
474 1775 514 1842 ab
537 1775 680 1842 omnibus
703 1777 880 1863 municipiis
903 1786 934 1842 et
956 1776 1085 1842 coloniis

60 1860 237 1928 incredibili
258 1860 375 1928 honore
397 1871 490 1947 atque
512 1884 626 1928 amore.
674 1872 742 1928 tum
762 1862 897 1947 primum
924 1862 1006 1927 enim
1032 1883 1085 1927 ve·

10 1954 12 1961 '
58 1947 169 2013 niebat
186 1946 226 2012 ab
244 1946 297 2012 illo
314 1947 478 2014 universae
496 1945 618 2013 Galliae
635 1947 728 2014 bello.
754 1947 831 2011 nihil
843 1946 1084 2032 relinquebatur,

10 2064 15 2069 ·
53 2033 149 2117 quod
167 2032 367 2098 adornatum
387 2043 561 2120 portarum,
586 2033 747 2110 itinerum,
773 2030 913 2098 locorum
935 2031 1084 2110 omnium,

55 2135 128 2203 qua
151 2116 269 2184 Caesar
293 2119 392 2184 iturus
415 2128 495 2198 erat,
522 2118 692 2204 excogitari
712 2126 842 2268 poterat.
887 2138 958 2183 cum
979 2115 1085 2183 liberis

50 2205 166 2270 omnis
185 2203 350 2269 multitudo
363 2203 488 2270 obviam
500 2203 697 2289 procedebat,
738 2203 836 2269 ostiae
849 2203 994 2268 omnibus
1007 2202 1084 2268 locis
1194 2249 1199 2256 ·

52 2284 313 2368 immolabantur,
332 2289 470 2356 tricliniis
489 2290 592 2355 stratis
609 2289 680 2355 fora
695 2288 873 2390 templaque
891 2287 1086 2376 occupaban-

53 2390 128 2453 tur,
156 2385 191 2440 ut
207 2374 260 2441 vel
276 2376 496 2461 spectatissimi
513 2374 661 2461 triumphi
677 2375 795 2441 laetitra
815 2375 952 2461 praecipi
969 2384 1084 2461 posset.

58 2472 151 2528 tanta
168 2471 233 2526 erat
250 2461 480 2548 magnificentia
497 2463 581 2548 apud
598 2461 816 2548 opulentiores,
835 2461 988 2548 cupiditas
1002 2460 1087 2547 apud

62 2546 255 2613 humiliores.
300 2569 496 2613 comumnes
518 2548 662 2648 regiones
682 2544 805 2614 Galliae
822 2555 947 2634 togatae
966 2545 1085 2613 Caesar
1102 2568 1134 2617 52

26 2650 33 2656 ·
63 2632 317 2720 percucurrisset,
336 2655 460 2699 summa
477 2633 632 2698 celeritate
645 2633 686 2698 ad
699 2633 868 2699 exercitum
881 2631 1087 2698 Nemetocen-

63 2742 137 2784 nam
164 2717 255 2783 rediit
279 2718 518 2805 legionibusque
543 2741 584 2784 ex
609 2718 753 2785 omnibus
779 2718 917 2785 hibernis
939 2719 981 2784 ad
1006 2718 1085 2786 fines

64 2806 274 2870 Treverorum
300 2805 436 2871 evocatis
463 2826 501 2870 eo
525 2802 684 2890 profectus
710 2813 758 2869 est
783 2802 889 2889 ibique
916 2805 1085 2870 exercitum

63 2890 217 2958 lustravit.
266 2889 305 2954 Τ.
328 2889 507 2956 Labienum
534 2887 656 2956 Galliae
682 2899 807 2977 togatae
832 2888 996 2976 praefecit,
1023 2910 1085 2974 quo

64 2976 182 3042 maiore
204 2976 471 3042 commendatione
493 2975 709 3042 conciliaretur
734 2975 774 3041 ad
802 2973 981 3040 consrdatus
1007 2975 1086 3060 peti-

64 3065 191 3129 tionem.
217 3062 285 3162 ipse
302 3070 423 3127 tantum
440 3062 584 3127 itinerum
597 3060 741 3139 faciebat,
760 3069 911 3144 quantum
926 3060 1001 3125 satis
1015 3082 1085 3126 esso

65 3150 106 3214 ad
123 3157 327 3213 mutationem
343 3148 483 3213 locorum
499 3168 556 3233 pro
578 3157 626 3213 ter
644 3144 855 3212 salubritatem
878 3145 1085 3212 existimabat.

64 3236 110 3300 ibi
127 3254 317 3318 quamquam
334 3232 443 3299 crebro
460 3169 606 3299 audiebat
618 3231 797 3297 Labienum
815 3229 855 3296 ab
873 3230 1005 3296 inimicis
1020 3231 1086 3298 suis

66 3318 225 3385 sollicitari
247 3319 419 3403 certiorque
441 3317 536 3383 fiebat
556 3318 589 3382 id
606 3341 659 3468 qgr
680 3338 851 3404 paucorum
872 3315 1023 3396 consiliis,
1051 3327 1086 3382 ut

64 3404 248 3490 interposita
265 3414 393 3470 senatus
410 3404 592 3470 auctoritate
671 3425 713 3468 ua
729 3412 818 3489 parte
839 3402 994 3468 exercitus
1014 3425 1086 3490 spo-

66 3492 201 3570 liaretur,
216 3501 320 3556 tamen
331 3511 433 3574 neque
446 3489 486 3555 de
494 3488 637 3555 Labieno
650 3488 781 3555 credidit
794 3488 960 3574 quicquam
973 3510 1085 3574 neque,

67 3585 174 3642 contra
191 3585 318 3642 senatus
336 3575 550 3642 auctoritatem
567 3583 602 3641 ut
618 3573 736 3658 aliquid
757 3574 888 3654 faceret,
914 3575 1015 3661 potuit
1031 3576 1087 3640 ad·

65 3662 148 3727 duci.
180 3661 337 3727 iudicabat
355 3661 438 3726 enim
454 3660 560 3727 liberis
578 3661 739 3727 sententiis
756 3671 880 3746 patrum
897 3661 1087 3748 conscripto-

63 3770 137 3815 rum
155 3768 282 3812 causam
300 3769 390 3812 suam
406 3746 499 3813 facile
512 3745 652 3812 obtineri.
679 3768 752 3812 nam
767 3746 805 3812 C.
817 3745 923 3825 Curio,
942 3745 1085 3813 tribunus

63 3831 178 3921 plebis,
197 3852 270 3897 oum
283 3830 430 3900 Caesaris
448 3854 576 3899 causam
594 3830 839 3918 dignitatemque
856 3831 1085 3897 defendendam

65 3916 272 4004 suscepisset,
299 3939 393 4005 saepe
410 3927 477 3985 erat
493 3917 616 3986 senatui
636 3915 806 4004 pollicitus,
834 3915 861 3982 si
883 3937 977 4003 quem
993 3918 1085 3988 timor
