2414 4336
156 168 195 233 16
467 175 520 232 DE
537 174 664 232 BELLO
683 172 850 232 eunuco

155 304 267 381 latum,
294 301 379 388 quod
409 301 496 368 solus
527 323 628 387 neque
657 299 856 366 iureiurando
881 320 986 386 neque
1016 298 1173 367 obsidibus

156 408 319 465 teneretur.
360 397 416 462 sed
436 398 525 484 peius
547 395 716 461 victoribus
740 394 895 481 Sequanis
915 417 1018 480 quam
1037 395 1174 463 Haedus

156 493 245 558 victis
264 492 425 567 accidisse,
444 489 709 577 proptereaquod
721 487 912 567 Ariovistus,
929 512 989 556 rex
1004 487 1174 557 Germano-
1205 485 1207 540 l

155 611 234 664 rum,
252 587 285 652 in
298 609 406 652 eorum
423 584 538 650 linibus
557 585 750 650 consedisset
767 586 951 669 tertiamque
968 599 1099 671 partem
1117 583 1175 672 agri

157 681 305 765 Sequani,
324 680 378 764 qui
396 691 478 744 esset
495 678 631 765 optimus
650 679 743 744 totins
758 675 890 756 Galliae,
908 679 1177 764 occupavissetet

155 798 238 842 nunc
263 776 302 840 de
328 775 425 841 altera
450 786 538 860 parte
564 775 655 839 tertia
677 772 840 858 Sequanos
867 774 1023 840 deoedere
1051 774 1177 852 iuberet,

155 883 317 957 propterea
334 869 418 953 quod
435 868 543 954 paucis
561 867 720 934 mensibus
739 881 810 933 ante
828 868 995 933 Harudum
1020 869 1113 935 milia
1129 868 1177 934 ho-

155 966 275 1029 minum
291 963 435 1028 XXHH
453 963 493 1027 ad
516 986 587 1027 eum
605 962 771 1040 venissent,
791 962 904 1046 quibus
922 962 1012 1028 locus
1032 984 1073 1030 ao
1091 963 1178 1030 sedes

155 1070 346 1145 pararentur.
377 1058 518 1122 suturum
535 1079 605 1123 esse
623 1058 731 1142 paucis
750 1057 849 1134 annis,
863 1057 909 1121 uti
926 1079 1040 1124 omnes
1054 1081 1098 1124 ex
1108 1056 1179 1126 Gal·

156 1153 215 1219 liae
241 1152 357 1218 finibus
383 1152 572 1238 pellerentur
597 1163 690 1235 atque
717 1173 824 1216 omnes
853 1149 1002 1217 Germani
1032 1153 1180 1220 Rhenum

157 1247 335 1313 transirent:
362 1246 568 1330 nequeenim
592 1245 813 1310 conferendum
835 1267 904 1312 esse
923 1243 1088 1313 Gallicum
1112 1271 1179 1316 cum

157 1341 385 1409 Germanorum
403 1362 488 1426 agro,
502 1362 603 1424 neque
621 1341 701 1405 hanc
719 1341 973 1405 consuetudinem
987 1343 1094 1408 victus
1111 1366 1179 1409 cum

156 1437 209 1500 illa
235 1435 486 1520 comparandam.
529 1434 724 1499 Ariovistum
751 1447 868 1512 autem,
894 1449 929 1499 ut
952 1436 1052 1501 semel
1072 1434 1179 1504 Gallo·

156 1554 225 1596 rum
248 1532 352 1614 copias
374 1529 491 1614 proelio
513 1529 634 1606 vicerit,
657 1529 741 1612 quod
763 1529 913 1614 proelium
936 1529 1058 1595 sactum
1081 1533 1126 1598 sit
1143 1533 1178 1597 ad

156 1623 400 1711 Magetobriam,
432 1623 565 1709 superbe
597 1635 627 1688 et
657 1624 821 1688 crudeliter
850 1624 1016 1709 imperare,
1052 1625 1178 1693 obsides

156 1718 341 1784 nobilissimi
372 1719 523 1802 cuiusque
557 1716 671 1782 liberos
701 1739 831 1802 poscere
861 1729 892 1782 et
921 1718 954 1782 in
984 1741 1040 1785 eos
1075 1721 1178 1786 omnia

157 1813 299 1898 exempla
325 1813 541 1896 cruciatusque
567 1812 672 1889 edere,
699 1812 727 1876 si
748 1834 811 1896 qua
832 1834 882 1877 res
908 1834 971 1876 non
997 1814 1040 1878 ad
1067 1830 1177 1880 nutum

156 1922 209 1974 aut
236 1907 276 1972 ad
301 1905 494 1971 voluntatem
524 1906 590 1971 eius
617 1905 701 1970 facta
727 1905 777 1971 sit.
820 1905 978 1970 hominem
1005 1929 1078 1974 esse
1110 1909 1177 1975 har·

156 2003 280 2079 berum,
302 2001 499 2079 iracundum,
522 2001 733 2067 temerarium:
758 2023 823 2065 non
844 2022 937 2085 posse
960 2001 1027 2066 eius
1047 2003 1177 2090 imperia

156 2098 273 2163 diutius
292 2097 446 2162 sustineri.
490 2096 551 2161 nisi
574 2097 601 2161 si
618 2096 693 2181 quid
710 2095 743 2160 in
762 2095 897 2161 Caesare
914 2095 1095 2181 populoque
1114 2098 1176 2164 Ro·

156 2216 249 2260 mano
277 2193 317 2257 sit
338 2192 459 2270 auxilii,
486 2191 630 2258 omnibus
653 2190 754 2258 Gallis
781 2191 864 2255 idem
890 2212 960 2257 esse
985 2191 1175 2272 faciendum,

157 2289 241 2373 quod
258 2287 397 2352 Helvetii
418 2287 562 2365 fecerint,
585 2297 620 2352 ut
641 2287 736 2352 domo
759 2287 925 2372 emigrent,
944 2286 1027 2351 aliud
1047 2289 1176 2354 domici·

157 2383 247 2458 lium,
266 2381 343 2446 alias
361 2382 467 2459 sedes,
485 2393 621 2447 remotas
639 2403 659 2445 a
676 2378 857 2458 Germanis,
879 2392 986 2466 petant
1004 2380 1176 2449 fortunam·

157 2498 228 2560 que‚
247 2496 462 2559 quaecumque
480 2474 611 2552 accidat,
630 2474 836 2560 experiantur.
876 2475 954 2540 haec
971 2475 999 2540 si
1017 2478 1176 2543 enuntiata

156 2568 318 2634 Ariovisto
336 2569 410 2646 sint,
433 2590 496 2634 noa
514 2568 668 2647 dubitare,
691 2569 766 2653 quin
783 2569 822 2633 de
841 2568 985 2634 omnibus
1003 2568 1175 2650 obsidibus,

157 2663 210 2748 qui
228 2663 312 2748 apud
329 2685 401 2728 eum
419 2663 489 2740 sint,
507 2663 727 2750 gravissimum
746 2663 933 2750 supplicium
951 2674 1063 2730 sumat.
1097 2665 1177 2732 an-

158 2778 260 2823 sarem
286 2755 336 2821 vel
361 2756 542 2822 auctoritate
569 2780 626 2822 sua
656 2769 750 2842 atque
781 2758 949 2835 exercitus,
981 2757 1031 2823 vel
1061 2761 1177 2826 recenti

157 2850 301 2929 victoria,
322 2850 373 2916 vel
394 2852 519 2918 nomine
540 2851 648 2938 populi
669 2852 803 2918 Romani
825 2853 977 2918 deterrere
1002 2873 1111 2938 posse,
1138 2877 1177 2920 ne

158 2946 256 3011 maior
278 2945 442 3011 multitudo
466 2944 693 3012 Germanorum
714 2945 861 3011 Rhenum
883 2946 1076 3024 traducatur,
1101 2945 1177 3014 Gal·

158 3039 294 3123 liamque
329 3061 453 3104 omnem
484 3039 524 3104 ab
549 3039 703 3106 Ariovisti
733 3039 846 3105 iniuria
874 3061 968 3126 posse
999 3039 1176 3106 defendere.

106 3157 138 3207 aa
155 3134 216 3200 hec
242 3134 379 3200 oratione
405 3133 446 3199 ab
471 3134 631 3200 Divitiaco
662 3133 769 3199 habita
799 3155 921 3212 omnes,
953 3134 1007 3219 qui
1037 3135 1175 3214 aderant,

157 3252 273 3316 magno
294 3228 369 3295 fletu
390 3228 540 3294 auxilium
562 3252 582 3294 a
605 3228 741 3295 Caesare
762 3239 868 3315 petere
890 3239 1066 3314 coepemnt
1112 3230 1177 3295 ani·

157 3324 321 3389 madvertit
336 3322 454 3390 Caesar
471 3346 549 3390 unos
568 3346 608 3390 ex
626 3324 769 3390 omnibus
789 3321 953 3408 Sequanos
975 3323 1052 3388 nihil
1070 3346 1176 3390 eamm

156 3440 261 3483 rerum
290 3417 407 3496 facere,
435 3439 514 3502 quas
544 3419 639 3484 ceteri
669 3418 821 3497 facerent,
854 3419 910 3484 sed
941 3418 1044 3484 tristes
1076 3420 1176 3506 capite

157 3512 294 3577 demisso
306 3523 419 3576 terram
436 3512 559 3580 intueri.
590 3513 657 3578 eius
675 3514 720 3578 rei
733 3535 829 3578 causa
841 3533 922 3597 quae
936 3524 1028 3590 esset,
1046 3513 1176 3580 miratus

157 3629 197 3672 ex
213 3606 290 3692 ipsis
308 3606 450 3689 quaesiit.
480 3607 558 3672 nihil
572 3606 711 3692 Sequani
726 3607 925 3693 respondere,
945 3608 1050 3673 sedin
1067 3609 1176 3673 eadem

157 3699 281 3766 tristitia
298 3699 383 3765 taciti
408 3723 600 3786 permanere.
644 3723 716 3766 oum
738 3699 778 3766 ab
796 3700 845 3766 his
868 3702 993 3787 saepius
1015 3711 1176 3785 quaereret

156 3816 258 3878 neque
276 3795 372 3860 ullam
388 3796 515 3863 omnino
532 3818 642 3862 vocem
660 3795 832 3882 exprimere
848 3807 966 3883 posset,
984 3795 1068 3861 idem
1085 3797 1172 3863 Divi·

158 3889 257 3955 tiacus
279 3889 434 3955 Haeduus
456 3892 631 3977 respondit:
657 3890 718 3956 hoc
740 3883 814 3956 esse
835 3891 1028 3958 miseriorem
1052 3893 1174 3979 gravio·

148 4004 281 4070 remque
296 3984 458 4054 sommam
472 3982 694 4076 Sequanorum
707 4007 786 4074 prae
799 3985 1003 4071 reliquorum,
1017 3987 1106 4069 quod
1119 3986 1180 4054 soli
