<?xml version="1.0" encoding="UTF-8"?>
<!DOCTYPE html PUBLIC "-//W3C//DTD XHTML 1.0 Transitional//EN"
    "http://www.w3.org/TR/xhtml1/DTD/xhtml1-transitional.dtd">
<html xmlns="http://www.w3.org/1999/xhtml" xml:lang="en" lang="en">
 <head>
  <title>
</title>
<meta http-equiv="Content-Type" content="text/html;charset=utf-8" />
  <meta name='ocr-system' content='tesseract 3.04.00' />
  <meta name='ocr-capabilities' content='ocr_page ocr_carea ocr_par ocr_line ocrx_word'/>
</head>
<body>
  <div class='ocr_page' id='page_1' title='image "./ciuliicaesarisc01krangoog_0035.png"; bbox 0 0 2414 4336; ppageno 0'>
   <div class='ocr_carea' id='block_1_1' title="bbox 344 226 996 305">
    <p class='ocr_par' dir='ltr' id='par_1_1' title="bbox 344 226 996 305">
     <span class='ocr_line' id='line_1_1' title="bbox 344 226 996 305; baseline -0.005 -1"><span class='ocrx_word' id='word_1_1' title='bbox 344 241 622 305; x_wconf 71' lang='lat' dir='ltr'>conans-c</span> <span class='ocrx_word' id='word_1_2' title='bbox 952 226 996 301; x_wconf 74' lang='lat'>29</span> 
     </span>
    </p>
   </div>
   <div class='ocr_carea' id='block_1_2' title="bbox 73 369 1157 4169">
    <p class='ocr_par' dir='ltr' id='par_1_2' title="bbox 73 369 1157 4169">
     <span class='ocr_line' id='line_1_2' title="bbox 76 369 996 451; baseline -0.005 -10"><span class='ocrx_word' id='word_1_3' title='bbox 76 381 187 441; x_wconf 69' lang='lat' dir='ltr'>»acea</span> <span class='ocrx_word' id='word_1_4' title='bbox 208 369 314 440; x_wconf 83' lang='lat' dir='ltr'>Gallia</span> <span class='ocrx_word' id='word_1_5' title='bbox 334 371 376 438; x_wconf 91' lang='lat' dir='ltr'>ad</span> <span class='ocrx_word' id='word_1_6' title='bbox 397 393 452 439; x_wconf 94' lang='lat' dir='ltr'>eos</span> <span class='ocrx_word' id='word_1_7' title='bbox 474 371 628 438; x_wconf 85' lang='lat' dir='ltr'>exercitus</span> <span class='ocrx_word' id='word_1_8' title='bbox 649 381 757 438; x_wconf 87' lang='lat' dir='ltr'>noster</span> <span class='ocrx_word' id='word_1_9' title='bbox 776 369 996 451; x_wconf 76' lang='lat' dir='ltr'>adduceretnr3</span> 
     </span>
     <span class='ocr_line' id='line_1_3' title="bbox 80 463 995 554; baseline -0.004 -18"><span class='ocrx_word' id='word_1_10' title='bbox 80 519 92 551; x_wconf 93' lang='lat'>,</span> <span class='ocrx_word' id='word_1_11' title='bbox 124 467 212 554; x_wconf 88' lang='lat' dir='ltr'>quod</span> <span class='ocrx_word' id='word_1_12' title='bbox 232 466 274 535; x_wconf 81' lang='lat' dir='ltr'>ab</span> <span class='ocrx_word' id='word_1_13' title='bbox 299 466 457 534; x_wconf 79' lang='lat' dir='ltr'>nonnullis</span> <span class='ocrx_word' id='word_1_14' title='bbox 481 463 583 534; x_wconf 83' lang='lat' dir='ltr'>Gallis</span> <span class='ocrx_word' id='word_1_15' title='bbox 605 465 856 545; x_wconf 85' lang='lat' dir='ltr'>sollicitarentur,</span> <span class='ocrx_word' id='word_1_16' title='bbox 881 466 995 552; x_wconf 85' lang='lat' dir='ltr'>partim</span> 
     </span>
     <span class='ocr_line' id='line_1_4' title="bbox 76 557 997 639; baseline -0.007 -7"><span class='ocrx_word' id='word_1_17' title='bbox 76 576 97 632; x_wconf 92' lang='lat' dir='ltr'>.t</span> <span class='ocrx_word' id='word_1_18' title='bbox 116 561 294 632; x_wconf 85' lang='lat' dir='ltr'>Germanos</span> <span class='ocrx_word' id='word_1_19' title='bbox 311 560 428 628; x_wconf 88' lang='lat' dir='ltr'>diutius</span> <span class='ocrx_word' id='word_1_20' title='bbox 445 561 480 627; x_wconf 91' lang='lat' dir='ltr'>in</span> <span class='ocrx_word' id='word_1_21' title='bbox 497 557 603 629; x_wconf 80' lang='lat' dir='ltr'>Gallia</span> <span class='ocrx_word' id='word_1_22' title='bbox 619 560 738 627; x_wconf 87' lang='lat' dir='ltr'>versari</span> <span class='ocrx_word' id='word_1_23' title='bbox 753 559 930 639; x_wconf 78' lang='lat' dir='ltr'>noluerant,</span> <span class='ocrx_word' id='word_1_24' title='bbox 952 559 997 626; x_wconf 84' lang='lat' dir='ltr'>ita</span> 
     </span>
     <span class='ocr_line' id='line_1_5' title="bbox 94 652 999 740; baseline -0.008 -13"><span class='ocrx_word' id='word_1_25' title='bbox 94 657 234 727; x_wconf 86' lang='lat' dir='ltr'>Romani</span> <span class='ocrx_word' id='word_1_26' title='bbox 255 657 427 723; x_wconf 86' lang='lat' dir='ltr'>exercitum</span> <span class='ocrx_word' id='word_1_27' title='bbox 448 656 587 722; x_wconf 87' lang='lat' dir='ltr'>hicmaro</span> <span class='ocrx_word' id='word_1_28' title='bbox 608 664 702 740; x_wconf 86' lang='lat' dir='ltr'>atque</span> <span class='ocrx_word' id='word_1_29' title='bbox 722 655 948 722; x_wconf 73' lang='lat' dir='ltr'>inveterascere</span> <span class='ocrx_word' id='word_1_30' title='bbox 964 652 999 720; x_wconf 89' lang='lat' dir='ltr'>in</span> 
     </span>
     <span class='ocr_line' id='line_1_6' title="bbox 89 747 998 838; baseline -0.007 -18"><span class='ocrx_word' id='word_1_31' title='bbox 89 752 227 820; x_wconf 82' lang='lat' dir='ltr'>moleste</span> <span class='ocrx_word' id='word_1_32' title='bbox 243 750 400 829; x_wconf 84' lang='lat' dir='ltr'>ferebant,</span> <span class='ocrx_word' id='word_1_33' title='bbox 423 751 537 838; x_wconf 87' lang='lat' dir='ltr'>partim</span> <span class='ocrx_word' id='word_1_34' title='bbox 558 750 614 835; x_wconf 91' lang='lat' dir='ltr'>qui</span> <span class='ocrx_word' id='word_1_35' title='bbox 635 749 807 816; x_wconf 81' lang='lat' dir='ltr'>mobilitate</span> <span class='ocrx_word' id='word_1_36' title='bbox 824 757 856 814; x_wconf 89' lang='lat' dir='ltr'>et</span> <span class='ocrx_word' id='word_1_37' title='bbox 872 747 998 815; x_wconf 85' lang='lat' dir='ltr'>levitate</span> 
     </span>
     <span class='ocr_line' id='line_1_7' title="bbox 77 842 999 934; baseline -0.005 -20"><span class='ocrx_word' id='word_1_38' title='bbox 77 847 177 914; x_wconf 82' lang='lat' dir='ltr'>novis</span> <span class='ocrx_word' id='word_1_39' title='bbox 193 846 332 934; x_wconf 88' lang='lat' dir='ltr'>imperiis</span> <span class='ocrx_word' id='word_1_40' title='bbox 351 843 533 924; x_wconf 82' lang='lat' dir='ltr'>studebant,</span> <span class='ocrx_word' id='word_1_41' title='bbox 551 844 592 912; x_wconf 90' lang='lat' dir='ltr'>ab</span> <span class='ocrx_word' id='word_1_42' title='bbox 609 844 768 912; x_wconf 91' lang='lat' dir='ltr'>nonnullis</span> <span class='ocrx_word' id='word_1_43' title='bbox 786 844 894 923; x_wconf 83' lang='lat' dir='ltr'>etiam,</span> <span class='ocrx_word' id='word_1_44' title='bbox 912 842 999 929; x_wconf 91' lang='lat' dir='ltr'>quod</span> 
     </span>
     <span class='ocr_line' id='line_1_8' title="bbox 76 937 996 1029; baseline -0.004 -21"><span class='ocrx_word' id='word_1_45' title='bbox 76 943 132 1008; x_wconf 85' lang='lat' dir='ltr'>llia</span> <span class='ocrx_word' id='word_1_46' title='bbox 153 964 176 1008; x_wconf 84' lang='lat' dir='ltr'>a</span> <span class='ocrx_word' id='word_1_47' title='bbox 195 939 421 1029; x_wconf 85' lang='lat' dir='ltr'>potentioribus</span> <span class='ocrx_word' id='word_1_48' title='bbox 443 948 537 1026; x_wconf 85' lang='lat' dir='ltr'>atque</span> <span class='ocrx_word' id='word_1_49' title='bbox 558 939 612 1019; x_wconf 90' lang='lat' dir='ltr'>iis,</span> <span class='ocrx_word' id='word_1_50' title='bbox 639 938 693 1024; x_wconf 83' lang='lat' dir='ltr'>qui</span> <span class='ocrx_word' id='word_1_51' title='bbox 714 938 756 1006; x_wconf 90' lang='lat' dir='ltr'>ad</span> <span class='ocrx_word' id='word_1_52' title='bbox 776 937 996 1005; x_wconf 88' lang='lat' dir='ltr'>conducendos</span> 
     </span>
     <span class='ocr_line' id='line_1_9' title="bbox 76 1031 998 1122; baseline -0.005 -18"><span class='ocrx_word' id='word_1_53' title='bbox 76 1061 112 1104; x_wconf 89' lang='lat' dir='ltr'>es</span> <span class='ocrx_word' id='word_1_54' title='bbox 132 1036 299 1103; x_wconf 80' lang='lat' dir='ltr'>facultates</span> <span class='ocrx_word' id='word_1_55' title='bbox 316 1034 489 1114; x_wconf 89' lang='lat' dir='ltr'>habebant,</span> <span class='ocrx_word' id='word_1_56' title='bbox 515 1034 613 1122; x_wconf 84' lang='lat' dir='ltr'>vulgo</span> <span class='ocrx_word' id='word_1_57' title='bbox 634 1057 734 1122; x_wconf 85' lang='lat' dir='ltr'>regna</span> <span class='ocrx_word' id='word_1_58' title='bbox 754 1031 998 1121; x_wconf 87' lang='lat' dir='ltr'>occupabantur,</span> 
     </span>
     <span class='ocr_line' id='line_1_10' title="bbox 76 1127 1039 1215; baseline -0.005 -17"><span class='ocrx_word' id='word_1_59' title='bbox 76 1155 144 1198; x_wconf 91' lang='lat' dir='ltr'>nus</span> <span class='ocrx_word' id='word_1_60' title='bbox 156 1130 251 1196; x_wconf 79' lang='lat' dir='ltr'>facile</span> <span class='ocrx_word' id='word_1_61' title='bbox 264 1152 333 1196; x_wconf 88' lang='lat' dir='ltr'>eam</span> <span class='ocrx_word' id='word_1_62' title='bbox 341 1151 409 1196; x_wconf 90' lang='lat' dir='ltr'>rem</span> <span class='ocrx_word' id='word_1_63' title='bbox 421 1128 554 1215; x_wconf 88' lang='lat' dir='ltr'>imperio</span> <span class='ocrx_word' id='word_1_64' title='bbox 562 1137 670 1195; x_wconf 88' lang='lat' dir='ltr'>nostro</span> <span class='ocrx_word' id='word_1_65' title='bbox 683 1127 834 1212; x_wconf 81' lang='lat' dir='ltr'>consequi</span> <span class='ocrx_word' id='word_1_66' title='bbox 846 1135 999 1215; x_wconf 89' lang='lat' dir='ltr'>poterant.</span> <span class='ocrx_word' id='word_1_67' title='bbox 1036 1151 1039 1160; x_wconf 90' lang='lat'><em>·</em></span> 
     </span>
     <span class='ocr_line' id='line_1_11' title="bbox 76 1222 1034 1310; baseline -0.003 -17"><span class='ocrx_word' id='word_1_68' title='bbox 76 1227 158 1293; x_wconf 91' lang='lat' dir='ltr'>ntiis</span> <span class='ocrx_word' id='word_1_69' title='bbox 175 1225 349 1309; x_wconf 87' lang='lat' dir='ltr'>litterisque</span> <span class='ocrx_word' id='word_1_70' title='bbox 370 1233 547 1291; x_wconf 89' lang='lat' dir='ltr'>commotus</span> <span class='ocrx_word' id='word_1_71' title='bbox 566 1222 687 1291; x_wconf 82' lang='lat' dir='ltr'>Caesar</span> <span class='ocrx_word' id='word_1_72' title='bbox 707 1224 788 1290; x_wconf 86' lang='lat' dir='ltr'>duas</span> <span class='ocrx_word' id='word_1_73' title='bbox 809 1222 950 1310; x_wconf 86' lang='lat' dir='ltr'>legiones</span> <span class='ocrx_word' id='word_1_74' title='bbox 967 1222 1001 1288; x_wconf 92' lang='lat' dir='ltr'>in</span> <span class='ocrx_word' id='word_1_75' title='bbox 1019 1241 1034 1290; x_wconf 78' lang='lat'><strong>2</strong></span> 
     </span>
     <span class='ocr_line' id='line_1_12' title="bbox 76 1316 1002 1406; baseline -0.005 -19"><span class='ocrx_word' id='word_1_76' title='bbox 76 1345 112 1387; x_wconf 91' lang='lat' dir='ltr'>re</span> <span class='ocrx_word' id='word_1_77' title='bbox 137 1317 243 1388; x_wconf 83' lang='lat' dir='ltr'>Gallia</span> <span class='ocrx_word' id='word_1_78' title='bbox 264 1341 363 1385; x_wconf 86' lang='lat' dir='ltr'>novas</span> <span class='ocrx_word' id='word_1_79' title='bbox 385 1318 571 1406; x_wconf 88' lang='lat' dir='ltr'>conscripsit</span> <span class='ocrx_word' id='word_1_80' title='bbox 592 1329 624 1384; x_wconf 90' lang='lat' dir='ltr'>et</span> <span class='ocrx_word' id='word_1_81' title='bbox 644 1318 722 1384; x_wconf 87' lang='lat' dir='ltr'>inita</span> <span class='ocrx_word' id='word_1_82' title='bbox 738 1326 870 1395; x_wconf 77' lang='lat' dir='ltr'>aestate,</span> <span class='ocrx_word' id='word_1_83' title='bbox 895 1316 929 1382; x_wconf 91' lang='lat' dir='ltr'>in</span> <span class='ocrx_word' id='word_1_84' title='bbox 954 1317 1002 1382; x_wconf 90' lang='lat' dir='ltr'>in-</span> 
     </span>
     <span class='ocr_line' id='line_1_13' title="bbox 76 1411 1000 1500; baseline 0.001 -24"><span class='ocrx_word' id='word_1_85' title='bbox 76 1441 119 1482; x_wconf 67' lang='lat' dir='ltr'>=m</span> <span class='ocrx_word' id='word_1_86' title='bbox 134 1413 272 1484; x_wconf 84' lang='lat' dir='ltr'>Galliam</span> <span class='ocrx_word' id='word_1_87' title='bbox 284 1414 339 1500; x_wconf 94' lang='lat' dir='ltr'>qui</span> <span class='ocrx_word' id='word_1_88' title='bbox 351 1415 528 1491; x_wconf 85' lang='lat' dir='ltr'>deduceret,</span> <span class='ocrx_word' id='word_1_89' title='bbox 547 1412 701 1498; x_wconf 85' lang='lat' dir='ltr'>Quintum</span> <span class='ocrx_word' id='word_1_90' title='bbox 714 1411 849 1479; x_wconf 89' lang='lat' dir='ltr'>Pedium</span> <span class='ocrx_word' id='word_1_91' title='bbox 860 1411 1000 1498; x_wconf 83' lang='lat' dir='ltr'>legatum</span> 
     </span>
     <span class='ocr_line' id='line_1_14' title="bbox 119 1505 1001 1596; baseline -0.003 -21"><span class='ocrx_word' id='word_1_92' title='bbox 119 1509 205 1596; x_wconf 88' lang='lat' dir='ltr'>ipse,</span> <span class='ocrx_word' id='word_1_93' title='bbox 236 1530 308 1575; x_wconf 91' lang='lat' dir='ltr'>cum</span> <span class='ocrx_word' id='word_1_94' title='bbox 334 1508 470 1595; x_wconf 88' lang='lat' dir='ltr'>primum</span> <span class='ocrx_word' id='word_1_95' title='bbox 496 1506 605 1594; x_wconf 83' lang='lat' dir='ltr'>pabuli</span> <span class='ocrx_word' id='word_1_96' title='bbox 629 1507 721 1593; x_wconf 90' lang='lat' dir='ltr'>copia</span> <span class='ocrx_word' id='word_1_97' title='bbox 746 1528 815 1572; x_wconf 87' lang='lat' dir='ltr'>osse</span> <span class='ocrx_word' id='word_1_98' title='bbox 840 1505 1001 1592; x_wconf 81' lang='lat' dir='ltr'>inciperet,</span> 
     </span>
     <span class='ocr_line' id='line_1_15' title="bbox 75 1599 1002 1690; baseline -0.005 -19"><span class='ocrx_word' id='word_1_99' title='bbox 75 1604 214 1671; x_wconf 87' lang='lat' dir='ltr'>ercitum</span> <span class='ocrx_word' id='word_1_100' title='bbox 239 1602 334 1669; x_wconf 70' lang='lat' dir='ltr'>venit,</span> <span class='ocrx_word' id='word_1_101' title='bbox 387 1604 440 1669; x_wconf 89' lang='lat' dir='ltr'>dat</span> <span class='ocrx_word' id='word_1_102' title='bbox 465 1602 627 1690; x_wconf 82' lang='lat' dir='ltr'>negotium</span> <span class='ocrx_word' id='word_1_103' title='bbox 653 1599 833 1669; x_wconf 86' lang='lat' dir='ltr'>Senonibus</span> <span class='ocrx_word' id='word_1_104' title='bbox 858 1599 1002 1684; x_wconf 86' lang='lat' dir='ltr'>reliquis-</span> 
     </span>
     <span class='ocr_line' id='line_1_16' title="bbox 75 1695 1001 1785; baseline -0.005 -19"><span class='ocrx_word' id='word_1_105' title='bbox 75 1700 171 1776; x_wconf 84' lang='lat' dir='ltr'>allis,</span> <span class='ocrx_word' id='word_1_106' title='bbox 197 1697 252 1783; x_wconf 90' lang='lat' dir='ltr'>qui</span> <span class='ocrx_word' id='word_1_107' title='bbox 272 1697 395 1764; x_wconf 85' lang='lat' dir='ltr'>finitimi</span> <span class='ocrx_word' id='word_1_108' title='bbox 416 1698 527 1785; x_wconf 85' lang='lat' dir='ltr'>Belgis</span> <span class='ocrx_word' id='word_1_109' title='bbox 545 1706 646 1776; x_wconf 89' lang='lat' dir='ltr'>erant,</span> <span class='ocrx_word' id='word_1_110' title='bbox 671 1695 720 1763; x_wconf 88' lang='lat' dir='ltr'>uti</span> <span class='ocrx_word' id='word_1_111' title='bbox 737 1718 789 1775; x_wconf 89' lang='lat' dir='ltr'>ea,</span> <span class='ocrx_word' id='word_1_112' title='bbox 816 1716 897 1780; x_wconf 88' lang='lat' dir='ltr'>quas</span> <span class='ocrx_word' id='word_1_113' title='bbox 914 1695 1001 1781; x_wconf 90' lang='lat' dir='ltr'>apud</span> 
     </span>
     <span class='ocr_line' id='line_1_17' title="bbox 75 1789 1002 1880; baseline -0.005 -19"><span class='ocrx_word' id='word_1_114' title='bbox 75 1802 217 1872; x_wconf 87' lang='lat' dir='ltr'>srantur,</span> <span class='ocrx_word' id='word_1_115' title='bbox 245 1802 437 1880; x_wconf 86' lang='lat' dir='ltr'>cognoscant</span> <span class='ocrx_word' id='word_1_116' title='bbox 462 1813 559 1878; x_wconf 90' lang='lat' dir='ltr'>seque</span> <span class='ocrx_word' id='word_1_117' title='bbox 585 1793 624 1858; x_wconf 86' lang='lat' dir='ltr'>de</span> <span class='ocrx_word' id='word_1_118' title='bbox 649 1791 700 1856; x_wconf 91' lang='lat' dir='ltr'>his</span> <span class='ocrx_word' id='word_1_119' title='bbox 721 1790 816 1857; x_wconf 88' lang='lat' dir='ltr'>rebus</span> <span class='ocrx_word' id='word_1_120' title='bbox 839 1789 1002 1857; x_wconf 88' lang='lat' dir='ltr'>certiorem</span> 
     </span>
     <span class='ocr_line' id='line_1_18' title="bbox 75 1885 1000 1974; baseline -0.002 -19"><span class='ocrx_word' id='word_1_121' title='bbox 75 1901 96 1955; x_wconf 89' lang='lat' dir='ltr'>t.</span> <span class='ocrx_word' id='word_1_122' title='bbox 144 1889 179 1954; x_wconf 92' lang='lat' dir='ltr'>hi</span> <span class='ocrx_word' id='word_1_123' title='bbox 205 1898 383 1955; x_wconf 82' lang='lat' dir='ltr'>constanter</span> <span class='ocrx_word' id='word_1_124' title='bbox 404 1911 514 1955; x_wconf 91' lang='lat' dir='ltr'>omnes</span> <span class='ocrx_word' id='word_1_125' title='bbox 536 1889 758 1954; x_wconf 86' lang='lat' dir='ltr'>nuntiaverunt</span> <span class='ocrx_word' id='word_1_126' title='bbox 779 1909 893 1954; x_wconf 90' lang='lat' dir='ltr'>manus</span> <span class='ocrx_word' id='word_1_127' title='bbox 919 1885 1000 1974; x_wconf 86' lang='lat' dir='ltr'>cogi,</span> 
     </span>
     <span class='ocr_line' id='line_1_19' title="bbox 75 1978 1002 2050; baseline -0.002 -2"><span class='ocrx_word' id='word_1_128' title='bbox 75 1994 145 2049; x_wconf 92' lang='lat' dir='ltr'>tum</span> <span class='ocrx_word' id='word_1_129' title='bbox 171 1983 204 2048; x_wconf 92' lang='lat' dir='ltr'>in</span> <span class='ocrx_word' id='word_1_130' title='bbox 229 2005 328 2049; x_wconf 92' lang='lat' dir='ltr'>unum</span> <span class='ocrx_word' id='word_1_131' title='bbox 348 1983 453 2050; x_wconf 90' lang='lat' dir='ltr'>locum</span> <span class='ocrx_word' id='word_1_132' title='bbox 478 1983 620 2050; x_wconf 90' lang='lat' dir='ltr'>conduci.</span> <span class='ocrx_word' id='word_1_133' title='bbox 670 1992 738 2048; x_wconf 91' lang='lat' dir='ltr'>tum</span> <span class='ocrx_word' id='word_1_134' title='bbox 758 2003 834 2048; x_wconf 85' lang='lat' dir='ltr'>vero</span> <span class='ocrx_word' id='word_1_135' title='bbox 855 1978 1002 2047; x_wconf 88' lang='lat' dir='ltr'>dubitan-</span> 
     </span>
     <span class='ocr_line' id='line_1_20' title="bbox 76 2075 1001 2163; baseline -0.002 -20"><span class='ocrx_word' id='word_1_136' title='bbox 76 2100 148 2143; x_wconf 91' lang='lat' dir='ltr'>non</span> <span class='ocrx_word' id='word_1_137' title='bbox 172 2077 375 2156; x_wconf 85' lang='lat' dir='ltr'>existimavit,</span> <span class='ocrx_word' id='word_1_138' title='bbox 411 2077 489 2162; x_wconf 90' lang='lat' dir='ltr'>quin</span> <span class='ocrx_word' id='word_1_139' title='bbox 515 2079 556 2144; x_wconf 83' lang='lat' dir='ltr'>ad</span> <span class='ocrx_word' id='word_1_140' title='bbox 582 2099 636 2144; x_wconf 91' lang='lat' dir='ltr'>eos</span> <span class='ocrx_word' id='word_1_141' title='bbox 662 2075 920 2163; x_wconf 88' lang='lat' dir='ltr'>proficisceretur.</span> <span class='ocrx_word' id='word_1_142' title='bbox 965 2096 1001 2141; x_wconf 89' lang='lat' dir='ltr'>re</span> 
     </span>
     <span class='ocr_line' id='line_1_21' title="bbox 75 2168 1003 2259; baseline -0.005 -21"><span class='ocrx_word' id='word_1_143' title='bbox 75 2171 179 2238; x_wconf 86' lang='lat' dir='ltr'>ntaria</span> <span class='ocrx_word' id='word_1_144' title='bbox 204 2181 383 2259; x_wconf 86' lang='lat' dir='ltr'>comparata</span> <span class='ocrx_word' id='word_1_145' title='bbox 408 2180 512 2238; x_wconf 84' lang='lat' dir='ltr'>castra</span> <span class='ocrx_word' id='word_1_146' title='bbox 540 2180 646 2237; x_wconf 85' lang='lat' dir='ltr'>movet</span> <span class='ocrx_word' id='word_1_147' title='bbox 676 2170 850 2254; x_wconf 91' lang='lat' dir='ltr'>diebusque</span> <span class='ocrx_word' id='word_1_148' title='bbox 881 2168 1003 2235; x_wconf 86' lang='lat' dir='ltr'>circiter</span> 
     </span>
     <span class='ocr_line' id='line_1_22' title="bbox 75 2264 1036 2355; baseline -0.002 -21"><span class='ocrx_word' id='word_1_149' title='bbox 75 2267 155 2334; x_wconf 77' lang='lat' dir='ltr'>scim</span> <span class='ocrx_word' id='word_1_150' title='bbox 175 2267 217 2333; x_wconf 83' lang='lat' dir='ltr'>ad</span> <span class='ocrx_word' id='word_1_151' title='bbox 237 2266 316 2333; x_wconf 87' lang='lat' dir='ltr'>fines</span> <span class='ocrx_word' id='word_1_152' title='bbox 337 2267 510 2355; x_wconf 85' lang='lat' dir='ltr'>Belgarum</span> <span class='ocrx_word' id='word_1_153' title='bbox 531 2266 682 2355; x_wconf 82' lang='lat' dir='ltr'>pervenit.</span> <span class='ocrx_word' id='word_1_154' title='bbox 726 2287 764 2331; x_wconf 92' lang='lat' dir='ltr'>eo</span> <span class='ocrx_word' id='word_1_155' title='bbox 786 2287 861 2331; x_wconf 91' lang='lat' dir='ltr'>cum</span> <span class='ocrx_word' id='word_1_156' title='bbox 882 2265 922 2330; x_wconf 93' lang='lat' dir='ltr'>de</span> <span class='ocrx_word' id='word_1_157' title='bbox 943 2264 1036 2332; x_wconf 81' lang='lat' dir='ltr'>im·a</span> 
     </span>
     <span class='ocr_line' id='line_1_23' title="bbox 75 2357 1004 2450; baseline 0 -26"><span class='ocrx_word' id='word_1_158' title='bbox 75 2385 102 2428; x_wconf 67' lang='grc' dir='ltr'>,ο</span> <span class='ocrx_word' id='word_1_159' title='bbox 128 2361 322 2447; x_wconf 86' lang='lat' dir='ltr'>celeriusque</span> <span class='ocrx_word' id='word_1_160' title='bbox 347 2363 434 2429; x_wconf 89' lang='lat' dir='ltr'>omni</span> <span class='ocrx_word' id='word_1_161' title='bbox 458 2362 605 2450; x_wconf 91' lang='lat' dir='ltr'>opinione</span> <span class='ocrx_word' id='word_1_162' title='bbox 630 2360 783 2438; x_wconf 86' lang='lat' dir='ltr'>venisset,</span> <span class='ocrx_word' id='word_1_163' title='bbox 815 2359 922 2436; x_wconf 86' lang='lat' dir='ltr'>Remi,</span> <span class='ocrx_word' id='word_1_164' title='bbox 950 2357 1004 2442; x_wconf 90' lang='lat' dir='ltr'>qui</span> 
     </span>
     <span class='ocr_line' id='line_1_24' title="bbox 75 2451 1004 2544; baseline -0.006 -22"><span class='ocrx_word' id='word_1_165' title='bbox 75 2457 111 2522; x_wconf 89' lang='lat' dir='ltr'>ni</span> <span class='ocrx_word' id='word_1_166' title='bbox 129 2452 252 2522; x_wconf 84' lang='lat' dir='ltr'>Galliae</span> <span class='ocrx_word' id='word_1_167' title='bbox 275 2478 315 2521; x_wconf 84' lang='lat' dir='ltr'>ex</span> <span class='ocrx_word' id='word_1_168' title='bbox 332 2455 443 2544; x_wconf 81' lang='lat' dir='ltr'>Belgis</span> <span class='ocrx_word' id='word_1_169' title='bbox 469 2466 556 2535; x_wconf 89' lang='lat' dir='ltr'>sunt,</span> <span class='ocrx_word' id='word_1_170' title='bbox 583 2455 626 2522; x_wconf 90' lang='lat' dir='ltr'>ad</span> <span class='ocrx_word' id='word_1_171' title='bbox 646 2477 719 2522; x_wconf 90' lang='lat' dir='ltr'>eum</span> <span class='ocrx_word' id='word_1_172' title='bbox 740 2453 863 2542; x_wconf 87' lang='lat' dir='ltr'>legatos</span> <span class='ocrx_word' id='word_1_173' title='bbox 883 2451 1004 2519; x_wconf 93' lang='lat' dir='ltr'>Iccium</span> 
     </span>
     <span class='ocr_line' id='line_1_25' title="bbox 75 2547 1004 2637; baseline -0.004 -21"><span class='ocrx_word' id='word_1_174' title='bbox 75 2550 332 2629; x_wconf 90' lang='lat' dir='ltr'>decumborium,</span> <span class='ocrx_word' id='word_1_175' title='bbox 350 2551 468 2637; x_wconf 90' lang='lat' dir='ltr'>primos</span> <span class='ocrx_word' id='word_1_176' title='bbox 487 2551 635 2630; x_wconf 86' lang='lat' dir='ltr'>civitatis,</span> <span class='ocrx_word' id='word_1_177' title='bbox 657 2550 823 2627; x_wconf 89' lang='lat' dir='ltr'>miserunt,</span> <span class='ocrx_word' id='word_1_178' title='bbox 847 2548 902 2633; x_wconf 90' lang='lat' dir='ltr'>qui</span> <span class='ocrx_word' id='word_1_179' title='bbox 919 2547 1004 2613; x_wconf 93' lang='lat' dir='ltr'>dice·</span> 
     </span>
     <span class='ocr_line' id='line_1_26' title="bbox 74 2645 1004 2730; baseline -0.003 -19"><span class='ocrx_word' id='word_1_180' title='bbox 74 2667 105 2712; x_wconf 79' lang='lat' dir='ltr'>se</span> <span class='ocrx_word' id='word_1_181' title='bbox 124 2667 243 2729; x_wconf 88' lang='lat' dir='ltr'>suaque</span> <span class='ocrx_word' id='word_1_182' title='bbox 265 2645 370 2711; x_wconf 91' lang='lat' dir='ltr'>omnia</span> <span class='ocrx_word' id='word_1_183' title='bbox 390 2646 426 2711; x_wconf 90' lang='lat' dir='ltr'>in</span> <span class='ocrx_word' id='word_1_184' title='bbox 446 2645 542 2712; x_wconf 87' lang='lat' dir='ltr'>fidem</span> <span class='ocrx_word' id='word_1_185' title='bbox 565 2656 661 2730; x_wconf 88' lang='lat' dir='ltr'>atque</span> <span class='ocrx_word' id='word_1_186' title='bbox 685 2645 720 2709; x_wconf 93' lang='lat' dir='ltr'>in</span> <span class='ocrx_word' id='word_1_187' title='bbox 739 2652 926 2730; x_wconf 89' lang='lat' dir='ltr'>potestatem</span> <span class='ocrx_word' id='word_1_188' title='bbox 947 2664 1004 2729; x_wconf 91' lang='lat' dir='ltr'>po-</span> 
     </span>
     <span class='ocr_line' id='line_1_27' title="bbox 74 2737 1003 2826; baseline -0.002 -20"><span class='ocrx_word' id='word_1_189' title='bbox 74 2739 207 2806; x_wconf 83' lang='lat' dir='ltr'>Bomani</span> <span class='ocrx_word' id='word_1_190' title='bbox 231 2740 424 2826; x_wconf 85' lang='lat' dir='ltr'>permittere,</span> <span class='ocrx_word' id='word_1_191' title='bbox 451 2763 553 2826; x_wconf 85' lang='lat' dir='ltr'>neque</span> <span class='ocrx_word' id='word_1_192' title='bbox 580 2762 615 2806; x_wconf 92' lang='lat' dir='ltr'>se</span> <span class='ocrx_word' id='word_1_193' title='bbox 641 2763 714 2806; x_wconf 89' lang='lat' dir='ltr'>cum</span> <span class='ocrx_word' id='word_1_194' title='bbox 739 2738 850 2826; x_wconf 87' lang='lat' dir='ltr'>Belgis</span> <span class='ocrx_word' id='word_1_195' title='bbox 875 2737 1003 2822; x_wconf 85' lang='lat' dir='ltr'>reliquis</span> 
     </span>
     <span class='ocr_line' id='line_1_28' title="bbox 74 2832 1002 2922; baseline 0 -24"><span class='ocrx_word' id='word_1_196' title='bbox 74 2833 178 2899; x_wconf 88' lang='lat' dir='ltr'>nsisse</span> <span class='ocrx_word' id='word_1_197' title='bbox 193 2854 296 2918; x_wconf 90' lang='lat' dir='ltr'>neque</span> <span class='ocrx_word' id='word_1_198' title='bbox 316 2843 425 2901; x_wconf 90' lang='lat' dir='ltr'>contra</span> <span class='ocrx_word' id='word_1_199' title='bbox 445 2834 598 2922; x_wconf 92' lang='lat' dir='ltr'>populum</span> <span class='ocrx_word' id='word_1_200' title='bbox 615 2834 795 2901; x_wconf 89' lang='lat' dir='ltr'>Romanum</span> <span class='ocrx_word' id='word_1_201' title='bbox 813 2832 1002 2911; x_wconf 84' lang='lat' dir='ltr'>coniurasse,</span> 
     </span>
     <span class='ocr_line' id='line_1_29' title="bbox 74 2926 1004 3014; baseline -0.001 -20"><span class='ocrx_word' id='word_1_202' title='bbox 74 2949 167 3012; x_wconf 79' lang='lat' dir='ltr'>&gt;sque</span> <span class='ocrx_word' id='word_1_203' title='bbox 203 2949 274 2995; x_wconf 89' lang='lat' dir='ltr'>esse</span> <span class='ocrx_word' id='word_1_204' title='bbox 309 2938 341 2994; x_wconf 92' lang='lat' dir='ltr'>et</span> <span class='ocrx_word' id='word_1_205' title='bbox 375 2928 501 2995; x_wconf 88' lang='lat' dir='ltr'>obsides</span> <span class='ocrx_word' id='word_1_206' title='bbox 537 2929 612 2994; x_wconf 89' lang='lat' dir='ltr'>dare</span> <span class='ocrx_word' id='word_1_207' title='bbox 646 2938 678 2994; x_wconf 92' lang='lat' dir='ltr'>et</span> <span class='ocrx_word' id='word_1_208' title='bbox 711 2928 863 3014; x_wconf 89' lang='lat' dir='ltr'>imperata</span> <span class='ocrx_word' id='word_1_209' title='bbox 900 2926 1004 2993; x_wconf 83' lang='lat' dir='ltr'>facere</span> 
     </span>
     <span class='ocr_line' id='line_1_30' title="bbox 74 3021 1005 3109; baseline 0.002 -24"><span class='ocrx_word' id='word_1_210' title='bbox 74 3022 165 3109; x_wconf 72' lang='lat' dir='ltr'>»pidis</span> <span class='ocrx_word' id='word_1_211' title='bbox 199 3021 338 3109; x_wconf 89' lang='lat' dir='ltr'>recipere</span> <span class='ocrx_word' id='word_1_212' title='bbox 368 3033 400 3088; x_wconf 94' lang='lat' dir='ltr'>et</span> <span class='ocrx_word' id='word_1_213' title='bbox 430 3022 588 3089; x_wconf 84' lang='lat' dir='ltr'>frumento</span> <span class='ocrx_word' id='word_1_214' title='bbox 623 3022 796 3107; x_wconf 87' lang='lat' dir='ltr'>ceterisque</span> <span class='ocrx_word' id='word_1_215' title='bbox 829 3021 924 3088; x_wconf 89' lang='lat' dir='ltr'>rebus</span> <span class='ocrx_word' id='word_1_216' title='bbox 957 3021 1005 3086; x_wconf 92' lang='lat' dir='ltr'>iu-</span> 
     </span>
     <span class='ocr_line' id='line_1_31' title="bbox 95 3112 1006 3204; baseline -0.002 -22"><span class='ocrx_word' id='word_1_217' title='bbox 95 3116 233 3202; x_wconf 88' lang='lat' dir='ltr'>reliquos</span> <span class='ocrx_word' id='word_1_218' title='bbox 255 3138 365 3183; x_wconf 91' lang='lat' dir='ltr'>omnes</span> <span class='ocrx_word' id='word_1_219' title='bbox 382 3116 500 3204; x_wconf 85' lang='lat' dir='ltr'>Belgas</span> <span class='ocrx_word' id='word_1_220' title='bbox 522 3118 556 3184; x_wconf 93' lang='lat' dir='ltr'>in</span> <span class='ocrx_word' id='word_1_221' title='bbox 578 3118 674 3183; x_wconf 88' lang='lat' dir='ltr'>armis</span> <span class='ocrx_word' id='word_1_222' title='bbox 696 3138 782 3196; x_wconf 91' lang='lat' dir='ltr'>esse,</span> <span class='ocrx_word' id='word_1_223' title='bbox 814 3112 1006 3183; x_wconf 87' lang='lat' dir='ltr'>Germanos·</span> 
     </span>
     <span class='ocr_line' id='line_1_32' title="bbox 74 3209 1004 3296; baseline -0.004 -19"><span class='ocrx_word' id='word_1_224' title='bbox 74 3211 129 3296; x_wconf 90' lang='lat' dir='ltr'>qui</span> <span class='ocrx_word' id='word_1_225' title='bbox 145 3212 190 3278; x_wconf 90' lang='lat' dir='ltr'>cis</span> <span class='ocrx_word' id='word_1_226' title='bbox 207 3211 356 3278; x_wconf 85' lang='lat' dir='ltr'>Rhenum</span> <span class='ocrx_word' id='word_1_227' title='bbox 372 3212 525 3291; x_wconf 89' lang='lat' dir='ltr'>incolant,</span> <span class='ocrx_word' id='word_1_228' title='bbox 549 3234 620 3278; x_wconf 90' lang='lat' dir='ltr'>sese</span> <span class='ocrx_word' id='word_1_229' title='bbox 637 3234 710 3278; x_wconf 89' lang='lat' dir='ltr'>cum</span> <span class='ocrx_word' id='word_1_230' title='bbox 726 3211 777 3278; x_wconf 92' lang='lat' dir='ltr'>his</span> <span class='ocrx_word' id='word_1_231' title='bbox 795 3209 1004 3287; x_wconf 85' lang='lat' dir='ltr'>coniunxisse,</span> 
     </span>
     <span class='ocr_line' id='line_1_33' title="bbox 74 3302 1005 3392; baseline -0.003 -20"><span class='ocrx_word' id='word_1_232' title='bbox 74 3329 162 3392; x_wconf 88' lang='lat' dir='ltr'>nque</span> <span class='ocrx_word' id='word_1_233' title='bbox 179 3328 250 3373; x_wconf 92' lang='lat' dir='ltr'>esse</span> <span class='ocrx_word' id='word_1_234' title='bbox 268 3328 377 3373; x_wconf 91' lang='lat' dir='ltr'>eorum</span> <span class='ocrx_word' id='word_1_235' title='bbox 390 3307 531 3374; x_wconf 90' lang='lat' dir='ltr'>omnium</span> <span class='ocrx_word' id='word_1_236' title='bbox 543 3306 693 3386; x_wconf 87' lang='lat' dir='ltr'>furorem,</span> <span class='ocrx_word' id='word_1_237' title='bbox 710 3315 746 3373; x_wconf 89' lang='lat' dir='ltr'>ut</span> <span class='ocrx_word' id='word_1_238' title='bbox 762 3326 803 3371; x_wconf 90' lang='lat' dir='ltr'>ne</span> <span class='ocrx_word' id='word_1_239' title='bbox 817 3302 1005 3371; x_wconf 87' lang='lat' dir='ltr'>Suessiones</span> 
     </span>
     <span class='ocr_line' id='line_1_34' title="bbox 74 3398 1005 3490; baseline -0.003 -23"><span class='ocrx_word' id='word_1_240' title='bbox 74 3425 120 3479; x_wconf 91' lang='lat' dir='ltr'>m,</span> <span class='ocrx_word' id='word_1_241' title='bbox 146 3401 259 3468; x_wconf 83' lang='lat' dir='ltr'>fratres</span> <span class='ocrx_word' id='word_1_242' title='bbox 278 3403 590 3490; x_wconf 86' lang='lat' dir='ltr'>consanguineosque</span> <span class='ocrx_word' id='word_1_243' title='bbox 613 3423 703 3480; x_wconf 91' lang='lat' dir='ltr'>suos,</span> <span class='ocrx_word' id='word_1_244' title='bbox 730 3399 785 3485; x_wconf 92' lang='lat' dir='ltr'>qui</span> <span class='ocrx_word' id='word_1_245' title='bbox 806 3398 917 3463; x_wconf 92' lang='lat' dir='ltr'>eodem</span> <span class='ocrx_word' id='word_1_246' title='bbox 938 3398 1005 3464; x_wconf 89' lang='lat' dir='ltr'>iure</span> 
     </span>
     <span class='ocr_line' id='line_1_35' title="bbox 73 3495 1007 3584; baseline -0.002 -23"><span class='ocrx_word' id='word_1_247' title='bbox 73 3496 149 3561; x_wconf 89' lang='lat' dir='ltr'>dem</span> <span class='ocrx_word' id='word_1_248' title='bbox 164 3495 288 3584; x_wconf 90' lang='lat' dir='ltr'>legibus</span> <span class='ocrx_word' id='word_1_249' title='bbox 304 3506 446 3576; x_wconf 87' lang='lat' dir='ltr'>utantur,</span> <span class='ocrx_word' id='word_1_250' title='bbox 465 3520 563 3563; x_wconf 89' lang='lat' dir='ltr'>unum</span> <span class='ocrx_word' id='word_1_251' title='bbox 579 3497 745 3583; x_wconf 91' lang='lat' dir='ltr'>imperium</span> <span class='ocrx_word' id='word_1_252' title='bbox 762 3515 923 3578; x_wconf 90' lang='lat' dir='ltr'>unumque</span> <span class='ocrx_word' id='word_1_253' title='bbox 939 3516 1007 3559; x_wconf 74' lang='lat' dir='ltr'>ma</span> 
     </span>
     <span class='ocr_line' id='line_1_36' title="bbox 74 3587 1006 3678; baseline 0 -24"><span class='ocrx_word' id='word_1_254' title='bbox 74 3600 146 3656; x_wconf 87' lang='lat' dir='ltr'>tum</span> <span class='ocrx_word' id='word_1_255' title='bbox 158 3611 231 3656; x_wconf 94' lang='lat' dir='ltr'>cum</span> <span class='ocrx_word' id='word_1_256' title='bbox 242 3590 321 3678; x_wconf 91' lang='lat' dir='ltr'>ipsis</span> <span class='ocrx_word' id='word_1_257' title='bbox 329 3591 477 3672; x_wconf 88' lang='lat' dir='ltr'>habeant,</span> <span class='ocrx_word' id='word_1_258' title='bbox 495 3592 650 3659; x_wconf 89' lang='lat' dir='ltr'>deterrere</span> <span class='ocrx_word' id='word_1_259' title='bbox 663 3588 830 3677; x_wconf 88' lang='lat' dir='ltr'>potuerint,</span> <span class='ocrx_word' id='word_1_260' title='bbox 848 3587 925 3673; x_wconf 92' lang='lat' dir='ltr'>quin</span> <span class='ocrx_word' id='word_1_261' title='bbox 933 3610 1006 3655; x_wconf 91' lang='lat' dir='ltr'>cum</span> 
     </span>
     <span class='ocr_line' id='line_1_37' title="bbox 73 3685 441 3760; baseline 0 -10"><span class='ocrx_word' id='word_1_262' title='bbox 73 3685 268 3751; x_wconf 83' lang='lat' dir='ltr'>›neentirent</span> <span class='ocrx_word' id='word_1_263' title='bbox 438 3754 441 3760; x_wconf 70' lang='grc'><strong>,</strong></span> 
     </span>
     <span class='ocr_line' id='line_1_38' title="bbox 74 3776 1040 3866; baseline 0 -21"><span class='ocrx_word' id='word_1_264' title='bbox 74 3782 137 3847; x_wconf 73' lang='lat' dir='ltr'>lum</span> <span class='ocrx_word' id='word_1_265' title='bbox 162 3781 203 3846; x_wconf 93' lang='lat' dir='ltr'>ab</span> <span class='ocrx_word' id='word_1_266' title='bbox 229 3780 278 3846; x_wconf 94' lang='lat' dir='ltr'>his</span> <span class='ocrx_word' id='word_1_267' title='bbox 296 3790 467 3866; x_wconf 81' lang='lat' dir='ltr'>quaereret,</span> <span class='ocrx_word' id='word_1_268' title='bbox 486 3802 567 3865; x_wconf 91' lang='lat' dir='ltr'>quae</span> <span class='ocrx_word' id='word_1_269' title='bbox 584 3778 741 3857; x_wconf 87' lang='lat' dir='ltr'>civitates,</span> <span class='ocrx_word' id='word_1_270' title='bbox 759 3776 1040 3863; x_wconf 78' lang='lat' dir='ltr'>quantaequeinr</span> 
     </span>
     <span class='ocr_line' id='line_1_39' title="bbox 92 3870 1008 3962; baseline -0.007 -20"><span class='ocrx_word' id='word_1_271' title='bbox 92 3889 200 3942; x_wconf 90' lang='lat' dir='ltr'>essent</span> <span class='ocrx_word' id='word_1_272' title='bbox 217 3876 342 3960; x_wconf 88' lang='lat' dir='ltr'>etquid</span> <span class='ocrx_word' id='word_1_273' title='bbox 358 3876 392 3941; x_wconf 93' lang='lat' dir='ltr'>in</span> <span class='ocrx_word' id='word_1_274' title='bbox 409 3875 491 3942; x_wconf 90' lang='lat' dir='ltr'>bello</span> <span class='ocrx_word' id='word_1_275' title='bbox 509 3885 652 3962; x_wconf 88' lang='lat' dir='ltr'>possent,</span> <span class='ocrx_word' id='word_1_276' title='bbox 671 3872 717 3939; x_wconf 90' lang='lat' dir='ltr'>sic</span> <span class='ocrx_word' id='word_1_277' title='bbox 733 3870 922 3959; x_wconf 87' lang='lat' dir='ltr'>reperiebat:</span> <span class='ocrx_word' id='word_1_278' title='bbox 939 3870 1008 3957; x_wconf 86' lang='lat' dir='ltr'>ple·</span> 
     </span>
     <span class='ocr_line' id='line_1_40' title="bbox 73 3966 1010 4057; baseline -0.005 -21"><span class='ocrx_word' id='word_1_279' title='bbox 73 3993 94 4036; x_wconf 76' lang='lat' dir='ltr'>‚e</span> <span class='ocrx_word' id='word_1_280' title='bbox 111 3970 231 4057; x_wconf 86' lang='lat' dir='ltr'>Belgas</span> <span class='ocrx_word' id='word_1_281' title='bbox 253 3992 324 4037; x_wconf 89' lang='lat' dir='ltr'>esse</span> <span class='ocrx_word' id='word_1_282' title='bbox 345 3981 430 4038; x_wconf 90' lang='lat' dir='ltr'>ortos</span> <span class='ocrx_word' id='word_1_283' title='bbox 451 3970 492 4037; x_wconf 90' lang='lat' dir='ltr'>ab</span> <span class='ocrx_word' id='word_1_284' title='bbox 511 3968 679 4038; x_wconf 86' lang='lat' dir='ltr'>Germanis</span> <span class='ocrx_word' id='word_1_285' title='bbox 696 3968 908 4051; x_wconf 83' lang='lat' dir='ltr'>Rhenumque</span> <span class='ocrx_word' id='word_1_286' title='bbox 927 3966 1010 4032; x_wconf 80' lang='lat' dir='ltr'>anti-</span> 
     </span>
     <span class='ocr_line' id='line_1_41' title="bbox 73 4060 1157 4169; baseline -0.005 -41"><span class='ocrx_word' id='word_1_287' title='bbox 73 4088 84 4128; x_wconf 83' lang='lat' dir='ltr'>s</span> <span class='ocrx_word' id='word_1_288' title='bbox 110 4066 268 4131; x_wconf 83' lang='lat' dir='ltr'>traductos</span> <span class='ocrx_word' id='word_1_289' title='bbox 289 4077 424 4153; x_wconf 89' lang='lat' dir='ltr'>propter</span> <span class='ocrx_word' id='word_1_290' title='bbox 448 4066 514 4136; x_wconf 90' lang='lat' dir='ltr'>loci</span> <span class='ocrx_word' id='word_1_291' title='bbox 539 4067 744 4139; x_wconf 83' lang='lat' dir='ltr'>fertilitatem</span> <span class='ocrx_word' id='word_1_292' title='bbox 765 4064 819 4134; x_wconf 76' lang='lat' dir='ltr'>ilii</span> <span class='ocrx_word' id='word_1_293' title='bbox 842 4060 1035 4131; x_wconf 72' lang='lat' dir='ltr'>cansedxsse</span> <span class='ocrx_word' id='word_1_294' title='bbox 1073 4108 1086 4147; x_wconf 81' lang='lat'>·.</span> <span class='ocrx_word' id='word_1_295' title='bbox 1109 4107 1124 4148; x_wconf 90' lang='lat'>·.</span> <span class='ocrx_word' id='word_1_296' title='bbox 1150 4155 1157 4169; x_wconf 20' lang='grc' dir='ltr'>ὑ</span> 
     </span>
    </p>
   </div>
   <div class='ocr_carea' id='block_1_3' title="bbox 0 0 1212 4336">
    <p class='ocr_par' dir='ltr' id='par_1_3' title="bbox 0 0 1212 4336">
     <span class='ocr_line' id='line_1_42' title="bbox 0 0 1212 4336; baseline 0 0"><span class='ocrx_word' id='word_1_297' title='bbox 0 0 1212 4336; x_wconf 95' lang='lat' dir='ltr'> </span> 
     </span>
    </p>
   </div>
  </div>
 </body>
</html>
