2414 4336
306 312 309 321 ·
353 275 472 336 ΟΟΜΜ.
490 279 526 337 V.
543 278 647 336 8-11.
679 331 681 341 ,
970 261 1012 330 75

25 401 125 469 litore
142 401 230 469 molli
247 411 340 488 atque
357 413 465 491 aperto
478 403 631 491 deligatas
645 403 686 469 ad
699 424 846 469 ancoram
858 402 1013 488 relinque-

10 507 43 578 t,
64 509 100 565 et
117 498 275 585 praesidio
292 499 426 565 navibus
446 497 600 583 Quintum
612 498 740 564 Atrium
757 497 917 586 praefecit.
942 498 1012 585 ipse

10 602 79 660 ctu
95 615 286 681 progressus
303 593 389 660 milia
404 617 557 680 passuum
575 593 697 661 circiter
713 592 787 660 XII
803 593 943 660 hostium
960 614 1012 659 co-

10 709 50 755 ns
70 689 273 775 conspicatus
292 698 348 754 est.
375 688 421 754 illi
439 689 579 774 equitatu
596 698 690 774 atque
707 687 827 755 essedis
835 688 882 756 ,ad
894 687 1012 754 flumen

10 785 144 871 egressi
162 806 202 850 ex
218 783 288 850 loco
306 784 465 870 superiore
482 793 606 851 nostros
623 783 788 871 prohibere
811 792 843 849 et
858 781 1012 871 proelium

10 878 178 944 mittere
201 889 378 964 coeperunt.
422 878 541 964 repulsi
562 878 603 945 ab
629 879 770 964 equitatu
796 900 831 944 se
856 878 890 943 in
916 876 1011 942 silvas

10 971 172 1041 ediderunt
188 971 293 1038 locum
309 973 415 1038 nancti
433 973 559 1060 egregie
577 983 608 1039 et
625 982 737 1039 natura
754 981 786 1038 et
798 993 893 1059 opere
910 971 1013 1038 muni·

10 1086 65 1147 tm,
88 1089 184 1154 quem
201 1067 365 1134 domestici
382 1067 466 1147 belli,
484 1077 520 1133 ut
537 1067 714 1146 videbatur,
738 1089 834 1133 causa
854 1067 918 1132 iam
939 1076 1012 1133 ants

10 1171 259 1250 reparaverant:
281 1185 355 1228 nam
373 1161 489 1228 crebris
508 1162 671 1229 arboribus
689 1162 820 1228 succisis
838 1183 947 1228 omnes
964 1161 1012 1227 in·

10 1256 96 1323 'citus
121 1266 209 1323 erant
230 1256 395 1344 praeclusi.
439 1257 501 1343 ipsi
523 1279 563 1322 ex
581 1256 668 1323 silvis
689 1256 752 1322 rari
772 1256 1012 1344 propugnabant

10 1360 171 1437 meosque
187 1351 269 1418 intra
285 1351 473 1418 munitiones
491 1351 613 1438 ingredi
629 1350 845 1438 prohibebant.
881 1361 915 1416 at
931 1351 1013 1416 mili·

10 1453 39 1510 Β
54 1446 187 1535 legionis
211 1447 361 1534 septimae
379 1446 535 1513 testudine
556 1446 641 1512 sacta
663 1454 695 1511 et
715 1467 830 1532 aggere
852 1445 893 1510 ad
910 1445 1012 1510 muni-

10 1557 83 1608 nnes
102 1542 223 1607 adiecto
240 1541 345 1608 locum
362 1549 512 1627 ceperunt
529 1562 646 1626 eosque
661 1562 701 1606 ex
720 1539 808 1606 silvis
826 1539 1012 1626 expulerunt

10 1636 93 1701 nucis
110 1634 292 1702 vulneribus
306 1636 452 1722 acceptis.
480 1635 537 1701 sed
550 1657 604 1701 eos
618 1634 776 1722 fugientes
789 1633 914 1721 longius
930 1632 1012 1700 Cae-

10 1725 206 1816 ¹rrprcsequi
221 1731 339 1808 -vetuit,
366 1740 398 1796 et
418 1731 504 1815 quod
525 1730 586 1795 loci
608 1740 753 1796 naturam
773 1728 952 1817 ignorabat,
979 1737 1010 1795 et

10 1825 67 1897 flod
84 1848 203 1913 magna
214 1835 302 1911 parte
316 1826 377 1891 diei
390 1834 555 1892 consumta
567 1825 733 1891 munitioni
746 1834 918 1890 castrorum
931 1834 1010 1889 tem-

10 1931 42 1982 us
63 1919 199 2005 relinqui
219 1919 355 1987 volebat.
398 1919 547 2007 postridie
568 1919 637 1985 eius
660 1920 722 1985 diei
743 1941 836 1985 mane
857 1919 1009 2006 tripertito
1029 1939 1060 1987 10

10 2004 97 2080 ilites
116 2015 300 2107 equitesque
317 2015 350 2079 in
363 2014 593 2101 expeditionem
606 2014 701 2092 misit,
720 2025 832 2093 utens,
851 2014 906 2098 qui
918 2013 1010 2100 suge-

10 2119 64 2190 nt,
88 2117 358 2196 persequerentur.
402 2109 452 2176 his
470 2109 665 2195 aliquantum
681 2108 801 2174 itineris
822 2109 1008 2195 progressis,

10 2220 53 2269 ln
75 2205 141 2270 iam
163 2205 294 2270 extremi
315 2215 421 2270 essent
442 2205 475 2269 in
495 2213 678 2291 prospectu,
706 2203 826 2287 equites
848 2226 868 2268 a
890 2201 1009 2285 Quinto

10 2299 73 2365 trio
82 2299 124 2364 ad
135 2297 305 2365 Caesarem
313 2309 474 2377 venerunt,
493 2298 547 2383 qui
556 2297 734 2364 nuntiarent
747 2296 905 2383 superiore
914 2307 1010 2362 >nocte

10 2394 120 2459 mima
138 2403 244 2459 coorta
257 2402 441 2480 tempestate
452 2415 551 2480 prope
569 2413 677 2459 omnes
696 2413 792 2466 naves
811 2390 944 2456 afflictas
963 2399 1010 2456 at

10 2504 43 2554 re
59 2489 95 2554 in
115 2487 206 2554 litore
229 2487 343 2554 eiectas
366 2510 449 2566 esse,
473 2487 558 2572 quod
578 2508 680 2572 neque
702 2508 833 2552 ancorae
854 2486 1009 2570 fimesque

10 2577 198 2660 bsisterent,
216 2604 318 2668 neque
335 2592 449 2648 nautae
466 2581 753 2669 gubernatoresque
770 2580 835 2646 vim
851 2580 918 2668 pati
931 2589 1010 2664 tem-¹

10 2678 112 2744 =statis
129 2688 273 2763 possent:
295 2677 401 2763 itaque
419 2700 459 2744 ex
476 2700 513 2744 eo
532 2699 687 2745 concursu
708 2677 836 2743 navium
857 2699 1009 2763 magnum

11 2794 53 2838 se
74 2772 307 2838 incommodum
329 2782 502 2859 acceptum.
546 2772 596 2838 his
618 2771 712 2838 rebus
736 2771 869 2859 cognitis
889 2769 1054 2840 caesara

10 2867 122 2953 giones
149 2866 383 2953 equitatumque
405 2866 545 2933 revocari
566 2876 660 2951 atque
681 2866 714 2931 in
734 2866 844 2932 itinere
864 2866 1010 2933 resistere

10 2957 83 3040 bct3
100 2961 170 3047 ipse
187 2960 228 3026 ad
244 2983 342 3028 naves
358 2961 536 3040 revertitur;
555 2961 666 3027 eadem
679 2961 755 3040 sere,
774 2982 856 3045 quae
874 2982 912 3026 ex
929 2984 1009 3026 nun-

10 3050 37 3120 is
52 3055 212 3141 literisque
229 3067 434 3145 cognoverat,
458 3079 564 3123 coram
580 3057 743 3145 perspicit,
767 3057 813 3123 sic
829 3067 865 3123 ut
882 3057 1007 3123 amissis

10 3149 105 3216 :citer
124 3149 193 3216 XL
215 3151 349 3217 navibus
371 3151 509 3236 reliquae
531 3161 636 3218 tamen
661 3150 748 3217 refici
772 3173 867 3237 posse
893 3173 1008 3237 magno

10 3244 108 3329 egotio
124 3244 313 3312 viderentur.
353 3247 458 3331 itaque
476 3268 516 3312 ex
532 3245 710 3332 legionibus
726 3244 833 3311 fabros
852 3244 961 3331 deligit
978 3253 1010 3309 et

10 3338 207 3405 :continenti
220 3339 298 3406 alios
313 3340 430 3406 arcessi
442 3340 543 3420 iubet3
561 3341 706 3406 Labieno
716 3337 832 3417 scribit,
851 3348 895 3417 ut,
914 3361 1008 3423 quam

10 3424 131 3499 larinas
149 3443 268 3520 posset,
286 3435 325 3502 iis
343 3435 537 3522 legionibus,
556 3458 637 3521 quae
656 3442 729 3499 sunt
746 3433 831 3519 apud
848 3454 934 3512 eum,
953 3457 1010 3500 na-

10 3541 43 3590 'es
56 3527 207 3596 instituat.
250 3531 333 3617 ipse,
357 3531 416 3596 etsi
437 3541 572 3597 reserat
593 3530 709 3595 multae
732 3550 845 3615 operae
867 3552 905 3595 ac
921 3529 1009 3595 labo·

10 3611 40 3696 it,
54 3631 158 3689 tamen
175 3625 465 3691 commodissimum
482 3646 552 3690 esse
570 3625 678 3689 statuit
695 3646 804 3690 omnes
817 3647 915 3691 naves
934 3623 1009 3690 sub-

10 3705 56 3782 luci
72 3727 103 3784 et
121 3741 194 3784 cnm
212 3720 321 3786 castris
338 3742 403 3785 una
419 3718 590 3785 munitione
608 3718 765 3805 coniungi.
796 3719 830 3785 in
846 3719 895 3783 his
912 3716 1007 3783 rebus

10 3800 103 3878 iuter
119 3812 188 3879 dies
204 3812 243 3879 X
259 3814 415 3880 consumit
432 3835 472 3879 ne
488 3812 648 3879 nocturnis
670 3813 797 3897 quidem
815 3809 1006 3898 temporibus

10 3894 184 3973 dlaborem
204 3908 339 3974 militum
364 3907 560 3974 intermissis.
605 3906 768 3975 subductis
794 3905 928 3972 navibus
954 3927 1007 3972 ca-

10 3994 114 4082 ffisque
131 4003 257 4088 egregie
272 4004 404 4071 munitis
423 4003 557 4072 easdem
573 4004 702 4095 copias,
723 4026 807 4091 quas
823 4011 918 4079 ante,
928 4021 1028 4086 prae-

10 4080 49 4149 do
69 4093 206 4160 cambus
226 4095 371 4182 reliquit,
399 4100 474 4188 ipse
501 4103 640 4189 eodem,
666 4101 761 4172 unde
783 4098 949 4174 redierat,
969 4111 1053 4175 pru-
