2414 4336
389 197 505 258 ΟΟΜΜ.
524 201 559 259 V.
576 201 697 257 tta-37.
1008 186 1049 255 85

75 327 174 394 edam
196 335 291 412 atque
312 325 374 391 illis
396 325 562 405 reservari,
588 346 803 410 quaecumque
821 323 957 390 Romani
977 323 1049 390 reli-

75 431 181 489 rsent:
208 420 337 508 proinde
359 420 464 486 omnia
487 420 521 484 in
542 420 672 485 victoria
699 420 802 506 posita
827 419 1048 485 existimarent.

75 526 104 583 rt
124 525 162 582 et
178 516 294 582 virtute
312 524 343 581 et
359 537 489 581 numero
508 515 678 601 pugnando
691 537 782 601 pares
795 514 907 592 nostr-13
926 514 1050 580 tametsi

75 612 169 677 duce
191 621 223 676 et
245 633 265 676 a
285 609 411 675 fortuna
429 609 664 688 deserebantur,
692 618 796 674 tamen
818 630 942 674 omnem
961 629 1050 694 spem

75 707 132 770 rtis
158 706 193 770 in
216 704 329 770 virtute
351 703 521 790 ponebant,
551 713 582 769 et
603 703 747 788 quotiens
771 723 912 788 quaeque
938 701 1049 768 cohors

75 808 232 877 currerat,
251 798 290 865 ab
305 821 342 864 ea
354 808 443 885 parte
455 820 590 885 magnus
603 797 740 864 hostium
749 820 898 863 numerus
909 795 1049 863 cadebat

75 940 81 961 .
99 917 139 961 re
157 894 376 962 animadversa
391 893 556 960 Ambiorix
568 893 763 980 pronuntiari
775 891 871 973 iubet,
890 901 925 958 ut
941 893 1051 980 procul

75 1034 81 1056 .
105 989 266 1056 coniciant
286 1011 349 1055 neu
369 989 498 1075 propius
520 989 670 1055 accedant
692 998 737 1067 et,
764 1010 859 1074 quam
880 987 914 1053 in
929 996 1051 1074 partem

75 1084 164 1150 mani
180 1084 333 1171 impeturn
349 1083 488 1162 fecerint,
507 1084 620 1150 cedant
633 1082 773 1169 (levitate
785 1105 942 1150 armorum
955 1092 987 1149 et
999 1104 1051 1149 co-

75 1181 147 1244 ana
164 1178 384 1245 exercitatione
404 1177 482 1243 nihil
498 1177 537 1244 iis
559 1179 665 1244 noceri
681 1179 804 1265 posse),
827 1200 936 1245 rursus
959 1199 993 1243 se
1011 1177 1052 1243 ad
1076 1213 1080 1220 ·

75 1295 121 1337 na
138 1271 322 1359 recipientes
340 1273 551 1357 insequantur.
596 1293 659 1357 quo
680 1281 846 1358 praecepto
865 1271 904 1337 ab
926 1272 965 1338 iis
983 1271 1052 1337 dili·
1070 1291 1102 1341 35

75 1365 214 1433 ctissime
232 1365 411 1445 observato,
439 1387 511 1432 eum
529 1366 694 1453 quaepiam
713 1366 824 1432 cohors
848 1388 888 1431 ex
905 1365 980 1432 orbe
998 1388 1052 1431 ex-

75 1469 167 1526 sserat
184 1469 277 1545 atque
294 1461 446 1547 impetum
463 1460 593 1540 fecerat,
620 1461 728 1527 hostes
750 1460 947 1526 velocissime
967 1459 1052 1526 refu-

75 1551 166 1620 rbant.
210 1554 334 1621 interim
356 1577 425 1620 eam
448 1564 571 1641 partem
591 1555 703 1621 nudari
724 1576 854 1621 neeesse
876 1563 943 1619 erat
963 1563 995 1619 et
1011 1553 1051 1620 ab

75 1657 250 1735 amsperto
268 1649 330 1714 tela
344 1648 452 1735 recipi.
480 1671 598 1728 rursus,
617 1671 690 1716 cum
706 1651 739 1715 in
751 1671 825 1715 eum
837 1648 950 1728 locum,
968 1649 1052 1714 unde

75 1751 120 1806 ant
136 1743 269 1829 egressi,
290 1743 404 1808 reverti
422 1750 602 1829 coeperant,
626 1753 657 1809 et
675 1744 715 1811 ab
732 1744 785 1822 iis,
812 1743 867 1828 qui
884 1754 1051 1822 cesserant,

89 1833 121 1901 ab
138 1837 191 1915 iis,
218 1836 273 1921 qui
293 1836 429 1922 proximi
451 1845 613 1916 steterant,
641 1837 975 1917 circumveniebantur3
1003 1837 1052 1902 sin

75 1933 138 1994 rtem
155 1929 260 1996 locum
277 1938 381 1996 tenere
399 1931 527 2009 vellent,
550 1953 609 1996 nec
625 1933 732 1997 virtuti
747 1931 835 1998 locus
857 1928 1053 2016 relinqueba-

75 2039 97 2096 τ,
111 2045 211 2108 neque
224 2023 264 2090 ab
278 2034 364 2090 tanta
376 2024 573 2090 multitudine
586 2026 726 2090 coniecta
738 2026 800 2091 tela
811 2025 942 2092 conferti
955 2025 1053 2090 vitare

75 2119 182 2183 terant
218 2126 323 2184 tamen
340 2127 386 2184 tot
402 2117 609 2184 incommodis
627 2119 802 2198 conflictati,
820 2119 926 2184 multis
944 2118 1054 2184 vulne·

75 2224 119 2278 >us
136 2212 272 2298 acceptis
289 2212 475 2279 resistebant
493 2222 525 2279 et
541 2235 657 2300 magna
673 2221 761 2300 parte
779 2213 840 2279 diei
857 2221 1052 2298 consumpta,

75 2319 107 2370 m
127 2306 264 2395 aprima
284 2307 354 2373 luce
376 2308 417 2373 ad
438 2307 548 2373 horam
569 2316 713 2373 octavam
734 2317 938 2396 pugnaretur,
964 2306 1052 2385 nihil,

75 2401 118 2466 od
132 2401 211 2488 ipsis
229 2411 312 2467 esset
329 2402 502 2490 indignum,
522 2402 765 2468 committebant.
805 2412 871 2467 tum
889 2402 962 2468 Tito
978 2399 1054 2466 Bal-

75 2495 151 2574 ntio,
178 2495 233 2580 qui
254 2497 413 2583 superiore
435 2519 516 2563 anno
536 2498 673 2583 primum
694 2496 793 2584 pilum
815 2497 959 2575 duxerat,
985 2495 1053 2561 viro

75 2588 108 2652 ri
124 2598 155 2655 et
171 2611 304 2676 magnae
322 2590 521 2670 auctoritatis,
540 2601 706 2676 utrumque
723 2590 827 2657 femur
843 2591 965 2679 tragula
981 2590 1055 2656 trai-

75 2696 127 2761 ur;
150 2681 286 2767 Quintus
304 2685 480 2764 Lucanius,
499 2686 639 2752 eiusdem
657 2685 788 2764 ordinis,
811 2685 980 2751 fortissime
996 2705 1055 2770 pu·

75 2795 144 2857 ans,
163 2777 239 2843 dum
247 2778 458 2846 circumvento
466 2779 532 2845 filio
547 2779 701 2859 subvenit,
719 2779 914 2859 interficitur;
932 2779 1054 2844 Lucius

75 2880 129 2938 *tta
153 2872 276 2960 legatus
303 2896 411 2940 omnes
437 2874 579 2940 cohortes
610 2875 796 2959 ordinesque
822 2874 989 2938 adhortans
1020 2873 1054 2937 in

75 2982 202 3032 versum
222 2989 257 3033 os
275 2966 373 3034 funda
389 2967 577 3033 vulneratur.
604 2967 653 3034 his
670 2968 765 3035 rebus
778 2976 938 3056 permotus
953 2964 1055 3050 Quin·
1072 2986 1104 3036 86

75 3077 86 3123 s
104 3060 258 3141 Titurius,
286 3084 357 3129 oum
378 3062 489 3149 procul
505 3060 724 3149 Ambiorigem
746 3085 820 3128 suos
843 3062 1055 3128 cohortantem

75 3155 265 3242 aspexisset,
299 3156 498 3244 interpretem
529 3179 621 3222 suum
648 3154 775 3223 Gneum
799 3154 986 3242 Pompeium
1015 3155 1057 3219 ad

75 3273 106 3315 m
123 3249 218 3315 mittit
234 3261 393 3338 rogatum,
410 3262 447 3316 ut
464 3250 524 3317 sibi
540 3250 754 3334 militibusque
772 3260 888 3336 parcat.
931 3248 984 3314 ille
1001 3271 1058 3335 ap-

75 3344 168 3411 llatus
181 3345 358 3432 respondit:
377 3345 404 3411 si
417 3347 492 3413 velit
506 3369 613 3412 secum
632 3345 777 3429 colloqui,
795 3344 887 3408 licere
893 3367 902 3422 ;
922 3365 1055 3430 sperare,

75 3438 268 3506 multitudine
285 3440 443 3527 impetrari
463 3463 572 3528 posse,
600 3441 685 3525 quod
706 3439 747 3505 ad
768 3437 902 3502 militum
924 3437 1057 3504 salutem

75 3534 201 3614 rtineat3
227 3534 289 3621 ipsi
305 3556 380 3601 vero
397 3535 475 3600 nihil
496 3534 635 3601 nocitum
652 3534 703 3613 iri,
730 3533 824 3618 inque
847 3555 917 3600 eam
938 3555 1005 3599 rem
1023 3553 1056 3598 se

75 3654 126 3697 am
143 3629 239 3696 fidem
260 3630 465 3717 interponere.
508 3630 560 3695 ille
582 3651 654 3695 cnm
673 3626 768 3695 Cotta
790 3627 896 3695 saucio
919 3649 1058 3695 commu·

75 3733 132 3803 at,
157 3724 185 3791 si
202 3723 359 3802 videatur,
381 3746 490 3811 pugna
508 3734 543 3788 ut
561 3723 715 3789 excedant
734 3731 854 3789 etcum
871 3720 1056 3807 Ambiorige

75 3844 96 3885 a
115 3818 344 3904 colloquantur:
363 3841 488 3906 sperare
506 3818 545 3884 ab
564 3840 601 3884 eo
619 3819 659 3883 de
676 3839 734 3884 sua
752 3840 789 3884 ac
805 3817 939 3882 militum
958 3813 1057 3880 salute

75 3923 202 4002 petrare
227 3936 332 4001 posse.
377 3912 472 3980 Cotta
497 3934 532 3978 se
557 3913 598 3980 ad
619 3920 773 3978 armatum
792 3911 916 3977 hostem
940 3910 1057 3976 iturum

75 4019 130 4099 gat
149 4017 243 4093 atque
259 4008 293 4074 in
310 4030 348 4075 eo
365 4016 553 4094 perseverat.
583 4005 720 4074 Sabinus
733 4028 811 4093 qnos
828 4005 1056 4092 inpraesentia
1075 4024 1107 4075 aa
