2414 4336
383 241 501 301 GOMM.
519 241 555 303 V.
572 241 694 300 tt-ot.
1007 234 1047 306 91

59 369 113 456 ¹tiis
139 366 345 434 contendunt.
389 367 449 434 hae
471 377 558 434 erant
579 368 843 434 armatacirciter
863 369 950 436 milia
970 371 1048 451 LX.

59 485 131 530 cero
153 464 230 528 data
246 462 394 528 facultate
413 459 541 529 Gallum
558 461 598 528 ab
622 464 733 529 eodem
750 462 932 545 Verticone,
955 488 1050 551 quem

59 581 111 643 >ra
131 557 434 637 demonstravimus,
457 558 584 644 repetit,
611 558 666 642 qui
682 558 801 625 litteras
819 561 860 624 ad
879 557 1050 628 Caesarem

59 653 157 733 ierat3
184 653 270 718 huno
296 653 460 731 admonet,
486 653 546 719 iter
571 663 662 720 caute
688 654 914 741 diligenterque
939 656 1050 737 faciatz

59 749 188 816 ’scribit
205 748 238 813 in
255 747 365 812 litteris
382 748 490 814 hostes
509 746 548 814 ab
563 771 598 814 se
612 749 796 816 discessisse
810 772 997 837 omnemque
1009 752 1050 819 ad

59 867 87 910 n
107 843 346 909 multitudinem
363 844 563 909 convertisse.
590 843 704 929 quibus
722 844 832 911 litteris
850 845 972 912 circiter
984 869 1051 914 me-

59 991 60 997 κ
93 949 195 1007 noete
218 937 338 1005 Caesar
364 938 465 1004 allatis
492 960 566 1005 suos
593 938 669 1004 facit
695 940 841 1007 certiores
868 963 986 1027 eosque
1008 943 1049 1008 ad

59 1033 237 1101 nicandum
263 1034 368 1099 animo
395 1033 566 1099 confirmat.
618 1044 745 1120 postero
772 1035 822 1112 die
848 1034 918 1102 luce
948 1035 1050 1123 prima

59 1137 127 1195 met
146 1138 250 1196 castra
272 1137 303 1193 et
321 1127 442 1193 circiter
463 1128 549 1193 milia
570 1151 723 1214 passuum
740 1138 887 1213 quattuor
903 1153 1050 1218 progres-

59 1247 73 1290 ι
102 1233 193 1288 trans
219 1221 333 1287 vallem
359 1231 391 1287 et
419 1221 522 1287 rivum
551 1222 782 1288 multitudinem
812 1224 950 1290 hostium
976 1247 1050 1291 con·

59 1327 170 1384 catur.
208 1326 274 1382 erat
299 1316 406 1404 magni
428 1316 557 1403 periculi
578 1339 643 1396 res,
671 1317 798 1384 tantulis
821 1319 919 1404 copiis
941 1320 1050 1404 iniquo

59 1435 93 1478 to
112 1413 274 1491 dimicarc3
297 1421 378 1489 tum,
397 1411 544 1496 quoniam
562 1411 724 1478 obsidione
740 1412 906 1479 liberatum
925 1411 1051 1480 Cicero·

59 1530 99 1572 m
117 1505 249 1585 sciebat,
276 1527 377 1591 aequo
400 1505 504 1572 animo
521 1506 742 1571 remittendum
765 1507 804 1571 de
822 1507 979 1572 celeritate
997 1529 1051 1574 ex-

59 1601 197 1667 imebat:
216 1600 357 1667 consedit
370 1609 410 1679 et,
429 1621 523 1683 quam
536 1601 725 1685 aequissimo
734 1601 804 1666 loco
816 1609 930 1689 potest,
949 1611 1052 1669 casua

59 1695 198 1761 mmunit
214 1703 306 1780 atque
323 1694 411 1773 haec,
431 1694 490 1760 etsi
507 1704 595 1760 erant
612 1695 727 1781 exigua
743 1717 800 1782 per
817 1717 860 1775 se,
879 1695 933 1761 vix
950 1696 1052 1762 homi-

59 1811 105 1854 sm
119 1789 239 1855 milium
257 1798 378 1876 septem
399 1789 582 1874 praesertim
604 1788 697 1854 nullis
716 1811 789 1854 cum
809 1790 1050 1877 impedimentis,

59 1905 131 1950 men
147 1884 301 1972 angustiis
319 1885 454 1962 viarum,
477 1905 572 1968 quam
590 1885 726 1950 maxime
742 1894 859 1972 potest,
888 1886 1050 1965 contrahit,

59 1997 74 2038 s
90 1980 220 2057 consilio,
239 1978 321 2044 utin
334 2002 489 2044 summam
503 1980 765 2065 contemptionem
777 1980 921 2047 hostibus
935 1981 1050 2046 veniat.

59 2075 148 2139 ‚terim
167 2073 414 2161 speculatoribus
431 2074 465 2139 in
482 2096 591 2139 omnes
612 2085 717 2160 partes
740 2075 878 2141 dimissis
900 2074 1050 2161 explorat,

59 2183 94 2229 ²0
108 2169 361 2238 commodissime
378 2171 487 2235 itincre
504 2169 618 2235 vallem
641 2170 772 2234 transim
793 2170 904 2255 possit.
944 2191 981 2236 eo
999 2170 1050 2236 die
1068 2187 1102 2238 50

59 2265 164 2331 mulis
182 2264 379 2349 equestribus
396 2265 522 2351 procliis
541 2264 581 2329 ad
599 2285 713 2348 aquam
730 2264 822 2330 factis
840 2265 963 2348 utrique
981 2287 1051 2331 sese

59 2369 86 2418 ¹0
106 2360 176 2426 loco
199 2359 371 2426 continent:
399 2356 497 2438 Galli,
525 2360 610 2444 quod
631 2359 797 2445 ampliores
823 2361 944 2445 copias,
971 2382 1052 2444 quae

59 2455 166 2520 >ndum
184 2463 401 2532 convenerant,
420 2453 658 2541 exspectabant3
679 2453 807 2534 Caesar,
827 2455 854 2520 si
867 2454 948 2522 forte
960 2455 1052 2521 timo-

59 2559 68 2602 Β
93 2548 290 2615 simulatione
312 2549 418 2616 hostes
441 2551 473 2615 in
492 2573 584 2616 suum
610 2550 714 2615 locum
737 2549 847 2616 elicere
869 2559 990 2636 posset,
1017 2564 1052 2615 ut

59 2640 105 2710 lra
121 2644 236 2709 vallem
252 2666 309 2731 pro
327 2646 436 2710 castris
453 2645 572 2731 proelio
591 2643 804 2724 contenderet;
828 2646 856 2710 si
876 2645 910 2710 id
927 2644 1052 2710 efficere

59 2751 91 2802 tu
106 2748 228 2825 posset,
256 2748 291 2803 ut
314 2739 481 2826 exploratis
503 2739 666 2805 itineribus
684 2739 803 2806 minore
826 2761 897 2805 cum
914 2738 1052 2825 periculo

59 2825 143 2900 illem
158 2835 322 2918 rivumque
340 2835 493 2900 transiret.
535 2834 637 2920 prima
654 2835 723 2900 luce
740 2834 879 2901 hostium
897 2835 1053 2919 equitatus

59 2917 66 2984 l
85 2938 189 2995 castra
206 2929 326 2994 accedit
342 2929 557 3014 proeliumque
576 2951 648 2994 cum
665 2930 779 2996 nostris
797 2929 953 3014 equitibus
968 2950 1053 2994 com-

59 3013 131 3088 ittit.
178 3020 296 3088 Caesar
322 3022 462 3089 consulto
488 3024 608 3107 equites
636 3024 746 3089 cedere
773 3045 869 3108 seque
895 3022 929 3087 in
951 3031 1052 3087 castra

60 3119 165 3205 cipere
186 3116 287 3195 iubet,
315 3118 408 3182 simul
430 3141 470 3183 ex
491 3118 637 3184 omnibus
658 3117 800 3204 partibus
822 3126 924 3183 castra
945 3116 1052 3181 altiore

59 3210 110 3279 tllo
130 3210 244 3276 muniri
260 3220 429 3297 portasque
443 3211 563 3278 obstrui
581 3222 674 3298 atque
691 3214 725 3277 in
737 3212 787 3277 his
800 3209 1052 3276 administrandis

59 3303 122 3375 bus
140 3328 236 3391 quam
253 3307 388 3372 maxime
403 3307 580 3373 concursari
594 3317 710 3373 etcum
724 3305 920 3372 simulatione
933 3303 1052 3370 timoris

59 3403 77 3486 ‚n'
99 3400 198 3468 iubet.
244 3400 357 3485 quibus
380 3401 525 3467 omnibus
548 3401 642 3467 rebus
664 3401 771 3466 hostes
797 3398 920 3464 invitati
945 3399 1050 3485 copias
1072 3419 1101 3467 51

59 3497 194 3562 educunt
216 3494 376 3580 aciemque
393 3495 500 3581 iniquo
522 3495 592 3561 loco
610 3496 813 3573 constituunt,
841 3494 956 3560 nostris
978 3515 1052 3560 vero

59 3593 122 3657 iam
140 3590 180 3654 de
197 3589 280 3655 vallo
298 3589 440 3656 deductis
457 3590 585 3676 propius
604 3589 756 3655 accedunt
774 3597 806 3654 et
818 3587 880 3654 tela
891 3587 973 3654 intra
985 3610 1054 3653 mu-

59 3686 178 3751 tionem
201 3705 241 3749 ex
263 3683 408 3749 omnibus
434 3683 576 3770 partibus
604 3683 758 3749 coniciunt
784 3681 1052 3769 praeconibusque

59 3777 254 3846 rcummissis
270 3778 464 3863 pronuntiari
479 3777 601 3857 iubent,
621 3799 678 3843 seu
695 3777 765 3863 quis
785 3773 896 3843 Gallus
915 3797 972 3842 seu
987 3775 1054 3842 Ro-

59 3897 142 3940 anus
160 3872 238 3939 velit
254 3881 325 3938 ante
342 3872 453 3938 horam
471 3873 594 3939 tertiam
612 3872 704 3939 adse
723 3873 868 3950 transire,
887 3871 954 3937 sine
972 3871 1054 3957 peri-

59 3970 98 4035 lo
120 3969 230 4048 licere3
256 3976 328 4055 post
348 3967 382 4033 id
405 3977 526 4055 tempus
548 3990 612 4034 non
633 3968 700 4033 fore
721 3975 921 4054 potestatem:
947 3989 985 4032 ao
1007 3966 1053 4032 sio

59 4077 154 4134 ›stros
180 4073 444 4150 contempserunt,
476 4072 511 4128 ut
536 4063 703 4131 obstructis
729 4063 763 4129 in
793 4062 929 4149 speciem
954 4058 1053 4150 portis
