<?xml version="1.0" encoding="UTF-8"?>
<!DOCTYPE html PUBLIC "-//W3C//DTD XHTML 1.0 Transitional//EN"
    "http://www.w3.org/TR/xhtml1/DTD/xhtml1-transitional.dtd">
<html xmlns="http://www.w3.org/1999/xhtml" xml:lang="en" lang="en">
 <head>
  <title>
</title>
<meta http-equiv="Content-Type" content="text/html;charset=utf-8" />
  <meta name='ocr-system' content='tesseract 3.04.00' />
  <meta name='ocr-capabilities' content='ocr_page ocr_carea ocr_par ocr_line ocrx_word'/>
</head>
<body>
  <div class='ocr_page' id='page_1' title='image "./ciuliicaesarisc01krangoog_0062.png"; bbox 0 0 2414 4336; ppageno 0'>
   <div class='ocr_carea' id='block_1_1' title="bbox 138 181 851 253">
    <p class='ocr_par' dir='ltr' id='par_1_1' title="bbox 138 181 851 253">
     <span class='ocr_line' id='line_1_1' title="bbox 138 181 851 253; baseline 0.007 -5"><span class='ocrx_word' id='word_1_1' title='bbox 138 181 180 248; x_wconf 85' lang='lat'>56</span> <span class='ocrx_word' id='word_1_2' title='bbox 458 194 511 252; x_wconf 87' lang='lat' dir='ltr'>DE</span> <span class='ocrx_word' id='word_1_3' title='bbox 528 193 655 252; x_wconf 81' lang='lat' dir='ltr'>BELLO</span> <span class='ocrx_word' id='word_1_4' title='bbox 673 193 851 253; x_wconf 70' lang='lat' dir='ltr'>amco</span> 
     </span>
    </p>
   </div>
   <div class='ocr_carea' id='block_1_2' title="bbox 101 317 1012 4103">
    <p class='ocr_par' dir='ltr' id='par_1_2' title="bbox 101 317 1012 4103">
     <span class='ocr_line' id='line_1_2' title="bbox 137 317 1006 404; baseline 0.002 -20"><span class='ocrx_word' id='word_1_5' title='bbox 137 318 238 385; x_wconf 86' lang='lat' dir='ltr'>mines</span> <span class='ocrx_word' id='word_1_6' title='bbox 260 317 366 385; x_wconf 85' lang='lat' dir='ltr'>efficit</span> <span class='ocrx_word' id='word_1_7' title='bbox 410 328 504 404; x_wconf 82' lang='lat' dir='ltr'>atque</span> <span class='ocrx_word' id='word_1_8' title='bbox 528 320 563 384; x_wconf 91' lang='lat' dir='ltr'>in</span> <span class='ocrx_word' id='word_1_9' title='bbox 588 342 659 385; x_wconf 88' lang='lat' dir='ltr'>eam</span> <span class='ocrx_word' id='word_1_10' title='bbox 684 341 719 385; x_wconf 91' lang='lat' dir='ltr'>se</span> <span class='ocrx_word' id='word_1_11' title='bbox 745 318 1006 386; x_wconf 87' lang='lat' dir='ltr'>consuetudinem</span> 
     </span>
     <span class='ocr_line' id='line_1_3' title="bbox 137 413 1012 501; baseline 0.001 -22"><span class='ocrx_word' id='word_1_12' title='bbox 137 423 224 493; x_wconf 89' lang='lat' dir='ltr'>runt,</span> <span class='ocrx_word' id='word_1_13' title='bbox 251 423 287 479; x_wconf 90' lang='lat' dir='ltr'>ut</span> <span class='ocrx_word' id='word_1_14' title='bbox 308 414 385 480; x_wconf 89' lang='lat' dir='ltr'>locis</span> <span class='ocrx_word' id='word_1_15' title='bbox 407 413 620 501; x_wconf 80' lang='lat' dir='ltr'>frigidissimis</span> <span class='ocrx_word' id='word_1_16' title='bbox 646 435 749 499; x_wconf 91' lang='lat' dir='ltr'>neque</span> <span class='ocrx_word' id='word_1_17' title='bbox 770 414 912 480; x_wconf 85' lang='lat' dir='ltr'>vestitus</span> <span class='ocrx_word' id='word_1_18' title='bbox 934 423 1012 501; x_wconf 85' lang='lat' dir='ltr'>praet</span> 
     </span>
     <span class='ocr_line' id='line_1_4' title="bbox 136 507 1012 598; baseline 0.003 -25"><span class='ocrx_word' id='word_1_19' title='bbox 136 507 287 575; x_wconf 81' lang='lat' dir='ltr'>haberent</span> <span class='ocrx_word' id='word_1_20' title='bbox 308 509 489 593; x_wconf 87' lang='lat' dir='ltr'>quiequam,</span> <span class='ocrx_word' id='word_1_21' title='bbox 516 531 648 594; x_wconf 90' lang='lat' dir='ltr'>quarum</span> <span class='ocrx_word' id='word_1_22' title='bbox 668 519 797 597; x_wconf 89' lang='lat' dir='ltr'>propter</span> <span class='ocrx_word' id='word_1_23' title='bbox 819 509 1012 598; x_wconf 87' lang='lat' dir='ltr'>exiguitaten</span> 
     </span>
     <span class='ocr_line' id='line_1_5' title="bbox 104 604 1012 692; baseline 0.003 -23"><span class='ocrx_word' id='word_1_24' title='bbox 104 619 119 669; x_wconf 80' lang='lat'>2</span> <span class='ocrx_word' id='word_1_25' title='bbox 138 613 186 670; x_wconf 89' lang='lat' dir='ltr'>est</span> <span class='ocrx_word' id='word_1_26' title='bbox 203 604 341 690; x_wconf 89' lang='lat' dir='ltr'>corporis</span> <span class='ocrx_word' id='word_1_27' title='bbox 359 626 432 692; x_wconf 91' lang='lat' dir='ltr'>pars</span> <span class='ocrx_word' id='word_1_28' title='bbox 450 614 566 691; x_wconf 87' lang='lat' dir='ltr'>aperta,</span> <span class='ocrx_word' id='word_1_29' title='bbox 584 615 616 671; x_wconf 90' lang='lat' dir='ltr'>et</span> <span class='ocrx_word' id='word_1_30' title='bbox 628 604 808 671; x_wconf 78' lang='lat' dir='ltr'><strong>lavarentur</strong></span> <span class='ocrx_word' id='word_1_31' title='bbox 819 605 855 670; x_wconf 91' lang='lat' dir='ltr'>in</span> <span class='ocrx_word' id='word_1_32' title='bbox 867 605 1012 672; x_wconf 87' lang='lat' dir='ltr'>fluminib·</span> 
     </span>
     <span class='ocr_line' id='line_1_6' title="bbox 138 699 1012 789; baseline 0.001 -22"><span class='ocrx_word' id='word_1_33' title='bbox 138 699 294 767; x_wconf 90' lang='lat' dir='ltr'>catoribus</span> <span class='ocrx_word' id='word_1_34' title='bbox 313 709 361 766; x_wconf 90' lang='lat' dir='ltr'>est</span> <span class='ocrx_word' id='word_1_35' title='bbox 378 700 480 766; x_wconf 88' lang='lat' dir='ltr'>aditus</span> <span class='ocrx_word' id='word_1_36' title='bbox 494 701 596 788; x_wconf 86' lang='lat' dir='ltr'>magis</span> <span class='ocrx_word' id='word_1_37' title='bbox 608 722 657 780; x_wconf 91' lang='lat' dir='ltr'>eo,</span> <span class='ocrx_word' id='word_1_38' title='bbox 674 711 719 781; x_wconf 82' lang='lat' dir='ltr'>ut,</span> <span class='ocrx_word' id='word_1_39' title='bbox 738 722 821 786; x_wconf 88' lang='lat' dir='ltr'>quae</span> <span class='ocrx_word' id='word_1_40' title='bbox 834 701 925 768; x_wconf 90' lang='lat' dir='ltr'>bello</span> <span class='ocrx_word' id='word_1_41' title='bbox 937 723 1012 789; x_wconf 87' lang='lat' dir='ltr'>cepe</span> 
     </span>
     <span class='ocr_line' id='line_1_7' title="bbox 136 793 1012 880; baseline 0 -18"><span class='ocrx_word' id='word_1_42' title='bbox 136 795 196 862; x_wconf 91' lang='lat' dir='ltr'>bus</span> <span class='ocrx_word' id='word_1_43' title='bbox 214 795 360 874; x_wconf 78' lang='lat' dir='ltr'><strong>vendant,</strong></span> <span class='ocrx_word' id='word_1_44' title='bbox 378 793 528 874; x_wconf 80' lang='lat' dir='ltr'><strong>habeant,</strong></span> <span class='ocrx_word' id='word_1_45' title='bbox 544 816 640 880; x_wconf 91' lang='lat' dir='ltr'>quam</span> <span class='ocrx_word' id='word_1_46' title='bbox 657 816 720 880; x_wconf 89' lang='lat' dir='ltr'>quo</span> <span class='ocrx_word' id='word_1_47' title='bbox 736 795 837 861; x_wconf 89' lang='lat' dir='ltr'>ullam</span> <span class='ocrx_word' id='word_1_48' title='bbox 853 818 928 862; x_wconf 90' lang='lat' dir='ltr'>rem</span> <span class='ocrx_word' id='word_1_49' title='bbox 945 796 1012 863; x_wconf 84' lang='lat' dir='ltr'>ads</span> 
     </span>
     <span class='ocr_line' id='line_1_8' title="bbox 137 889 1001 976; baseline 0.002 -22"><span class='ocrx_word' id='word_1_50' title='bbox 137 889 196 954; x_wconf 91' lang='lat' dir='ltr'>tari</span> <span class='ocrx_word' id='word_1_51' title='bbox 226 889 411 954; x_wconf 85' lang='lat' dir='ltr'>desiderent</span> <span class='ocrx_word' id='word_1_52' title='bbox 459 889 535 974; x_wconf 91' lang='lat' dir='ltr'>quin</span> <span class='ocrx_word' id='word_1_53' title='bbox 564 889 659 954; x_wconf 89' lang='lat' dir='ltr'>etiam</span> <span class='ocrx_word' id='word_1_54' title='bbox 689 889 852 969; x_wconf 91' lang='lat' dir='ltr'>iumentis,</span> <span class='ocrx_word' id='word_1_55' title='bbox 885 889 1001 976; x_wconf 85' lang='lat' dir='ltr'>quibus</span> 
     </span>
     <span class='ocr_line' id='line_1_9' title="bbox 138 980 998 1074; baseline 0.002 -24"><span class='ocrx_word' id='word_1_56' title='bbox 138 980 242 1050; x_wconf 87' lang='lat' dir='ltr'>Gallia</span> <span class='ocrx_word' id='word_1_57' title='bbox 255 983 426 1050; x_wconf 73' lang='lat' dir='ltr'>delectatam</span> <span class='ocrx_word' id='word_1_58' title='bbox 437 1006 580 1070; x_wconf 89' lang='lat' dir='ltr'>quaeque</span> <span class='ocrx_word' id='word_1_59' title='bbox 598 985 739 1071; x_wconf 91' lang='lat' dir='ltr'>impenso</span> <span class='ocrx_word' id='word_1_60' title='bbox 757 999 872 1073; x_wconf 90' lang='lat' dir='ltr'>parant</span> <span class='ocrx_word' id='word_1_61' title='bbox 884 988 998 1074; x_wconf 89' lang='lat' dir='ltr'>pretio,</span> 
     </span>
     <span class='ocr_line' id='line_1_10' title="bbox 136 1077 1012 1167; baseline 0.006 -24"><span class='ocrx_word' id='word_1_62' title='bbox 136 1077 309 1164; x_wconf 77' lang='lat' dir='ltr'>importatis</span> <span class='ocrx_word' id='word_1_63' title='bbox 319 1102 384 1144; x_wconf 90' lang='lat' dir='ltr'>non</span> <span class='ocrx_word' id='word_1_64' title='bbox 396 1089 532 1158; x_wconf 90' lang='lat' dir='ltr'>utuntur,</span> <span class='ocrx_word' id='word_1_65' title='bbox 552 1080 609 1145; x_wconf 91' lang='lat' dir='ltr'>sed</span> <span class='ocrx_word' id='word_1_66' title='bbox 622 1102 701 1165; x_wconf 88' lang='lat' dir='ltr'>quae</span> <span class='ocrx_word' id='word_1_67' title='bbox 715 1089 788 1146; x_wconf 91' lang='lat' dir='ltr'>sunt</span> <span class='ocrx_word' id='word_1_68' title='bbox 800 1081 891 1167; x_wconf 91' lang='lat' dir='ltr'>apud</span> <span class='ocrx_word' id='word_1_69' title='bbox 905 1103 962 1148; x_wconf 91' lang='lat' dir='ltr'>eos</span> <span class='ocrx_word' id='word_1_70' title='bbox 970 1100 1012 1147; x_wconf 78' lang='lat' dir='ltr'>nat</span> 
     </span>
     <span class='ocr_line' id='line_1_11' title="bbox 139 1171 1012 1257; baseline 0.005 -20"><span class='ocrx_word' id='word_1_71' title='bbox 139 1182 233 1257; x_wconf 89' lang='lat' dir='ltr'>atque</span> <span class='ocrx_word' id='word_1_72' title='bbox 259 1171 425 1252; x_wconf 81' lang='lat' dir='ltr'>deformia,</span> <span class='ocrx_word' id='word_1_73' title='bbox 451 1174 530 1240; x_wconf 86' lang='lat' dir='ltr'>haec</span> <span class='ocrx_word' id='word_1_74' title='bbox 556 1175 710 1240; x_wconf 88' lang='lat' dir='ltr'>cotidiana</span> <span class='ocrx_word' id='word_1_75' title='bbox 736 1176 964 1242; x_wconf 75' lang='lat' dir='ltr'>exercitatione</span> <span class='ocrx_word' id='word_1_76' title='bbox 990 1199 1012 1242; x_wconf 75' lang='lat' dir='ltr'>st</span> 
     </span>
     <span class='ocr_line' id='line_1_12' title="bbox 138 1266 1003 1358; baseline 0.006 -26"><span class='ocrx_word' id='word_1_77' title='bbox 138 1267 200 1332; x_wconf 91' lang='lat' dir='ltr'>sint</span> <span class='ocrx_word' id='word_1_78' title='bbox 217 1266 332 1333; x_wconf 87' lang='lat' dir='ltr'>laboris</span> <span class='ocrx_word' id='word_1_79' title='bbox 350 1267 498 1333; x_wconf 86' lang='lat' dir='ltr'>efficiunt.</span> <span class='ocrx_word' id='word_1_80' title='bbox 543 1267 738 1353; x_wconf 84' lang='lat' dir='ltr'>equestribus</span> <span class='ocrx_word' id='word_1_81' title='bbox 756 1269 886 1355; x_wconf 89' lang='lat' dir='ltr'>proeliis</span> <span class='ocrx_word' id='word_1_82' title='bbox 906 1293 1003 1358; x_wconf 81' lang='lat' dir='ltr'>saepe</span> 
     </span>
     <span class='ocr_line' id='line_1_13' title="bbox 138 1361 1012 1450; baseline 0.003 -23"><span class='ocrx_word' id='word_1_83' title='bbox 138 1361 285 1428; x_wconf 90' lang='lat' dir='ltr'>desiliunt</span> <span class='ocrx_word' id='word_1_84' title='bbox 306 1384 344 1428; x_wconf 88' lang='lat' dir='ltr'>ac</span> <span class='ocrx_word' id='word_1_85' title='bbox 364 1362 497 1449; x_wconf 90' lang='lat' dir='ltr'>pedibus</span> <span class='ocrx_word' id='word_1_86' title='bbox 518 1362 720 1449; x_wconf 91' lang='lat' dir='ltr'>proeliantur,</span> <span class='ocrx_word' id='word_1_87' title='bbox 749 1385 914 1450; x_wconf 90' lang='lat' dir='ltr'>equosque</span> <span class='ocrx_word' id='word_1_88' title='bbox 938 1366 1012 1432; x_wconf 87' lang='lat' dir='ltr'>eode</span> 
     </span>
     <span class='ocr_line' id='line_1_14' title="bbox 137 1455 1012 1544; baseline 0.003 -22"><span class='ocrx_word' id='word_1_89' title='bbox 137 1478 210 1522; x_wconf 89' lang='lat' dir='ltr'>nere</span> <span class='ocrx_word' id='word_1_90' title='bbox 236 1455 371 1544; x_wconf 83' lang='lat' dir='ltr'>vestigio</span> <span class='ocrx_word' id='word_1_91' title='bbox 397 1456 644 1536; x_wconf 85' lang='lat' dir='ltr'>assuefecerunt,</span> <span class='ocrx_word' id='word_1_92' title='bbox 672 1457 713 1522; x_wconf 90' lang='lat' dir='ltr'>ad</span> <span class='ocrx_word' id='word_1_93' title='bbox 734 1479 813 1542; x_wconf 92' lang='lat' dir='ltr'>quos</span> <span class='ocrx_word' id='word_1_94' title='bbox 841 1480 876 1524; x_wconf 88' lang='lat' dir='ltr'>se</span> <span class='ocrx_word' id='word_1_95' title='bbox 906 1459 1012 1525; x_wconf 86' lang='lat' dir='ltr'>celarit</span> 
     </span>
     <span class='ocr_line' id='line_1_15' title="bbox 138 1551 1012 1640; baseline 0.006 -25"><span class='ocrx_word' id='word_1_96' title='bbox 138 1573 214 1616; x_wconf 92' lang='lat' dir='ltr'>usus</span> <span class='ocrx_word' id='word_1_97' title='bbox 238 1561 299 1630; x_wconf 89' lang='lat' dir='ltr'>est,</span> <span class='ocrx_word' id='word_1_98' title='bbox 325 1551 493 1637; x_wconf 90' lang='lat' dir='ltr'>recipiunt;</span> <span class='ocrx_word' id='word_1_99' title='bbox 519 1574 620 1636; x_wconf 91' lang='lat' dir='ltr'>neque</span> <span class='ocrx_word' id='word_1_100' title='bbox 642 1573 751 1617; x_wconf 91' lang='lat' dir='ltr'>eorum</span> <span class='ocrx_word' id='word_1_101' title='bbox 773 1551 917 1619; x_wconf 89' lang='lat' dir='ltr'>moribus</span> <span class='ocrx_word' id='word_1_102' title='bbox 941 1563 1012 1640; x_wconf 90' lang='lat' dir='ltr'>turp</span> 
     </span>
     <span class='ocr_line' id='line_1_16' title="bbox 136 1646 1012 1733; baseline 0.005 -24"><span class='ocrx_word' id='word_1_103' title='bbox 136 1666 231 1729; x_wconf 90' lang='lat' dir='ltr'>quam</span> <span class='ocrx_word' id='word_1_104' title='bbox 248 1655 302 1710; x_wconf 90' lang='lat' dir='ltr'>aut</span> <span class='ocrx_word' id='word_1_105' title='bbox 319 1647 448 1711; x_wconf 88' lang='lat' dir='ltr'>inertius</span> <span class='ocrx_word' id='word_1_106' title='bbox 466 1646 606 1726; x_wconf 90' lang='lat' dir='ltr'>habetur,</span> <span class='ocrx_word' id='word_1_107' title='bbox 626 1669 720 1732; x_wconf 92' lang='lat' dir='ltr'>quam</span> <span class='ocrx_word' id='word_1_108' title='bbox 738 1647 895 1733; x_wconf 87' lang='lat' dir='ltr'>ephippiis</span> <span class='ocrx_word' id='word_1_109' title='bbox 915 1648 973 1715; x_wconf 84' lang='lat' dir='ltr'>uti</span> <span class='ocrx_word' id='word_1_110' title='bbox 1004 1647 1012 1713; x_wconf 92' lang='lat' dir='ltr'>i</span> 
     </span>
     <span class='ocr_line' id='line_1_17' title="bbox 135 1739 1012 1827; baseline 0.006 -24"><span class='ocrx_word' id='word_1_111' title='bbox 135 1739 279 1822; x_wconf 88' lang='lat' dir='ltr'>quemvis</span> <span class='ocrx_word' id='word_1_112' title='bbox 297 1761 463 1805; x_wconf 90' lang='lat' dir='ltr'>numerum</span> <span class='ocrx_word' id='word_1_113' title='bbox 480 1741 730 1827; x_wconf 83' lang='lat' dir='ltr'>ephippiatorum</span> <span class='ocrx_word' id='word_1_114' title='bbox 747 1741 888 1826; x_wconf 90' lang='lat' dir='ltr'>equitum</span> <span class='ocrx_word' id='word_1_115' title='bbox 907 1764 1012 1826; x_wconf 90' lang='lat' dir='ltr'>quam·</span> 
     </span>
     <span class='ocr_line' id='line_1_18' title="bbox 136 1832 1012 1921; baseline 0.005 -23"><span class='ocrx_word' id='word_1_116' title='bbox 136 1832 222 1898; x_wconf 90' lang='lat' dir='ltr'>adire</span> <span class='ocrx_word' id='word_1_117' title='bbox 240 1833 364 1899; x_wconf 89' lang='lat' dir='ltr'>audent.</span> <span class='ocrx_word' id='word_1_118' title='bbox 404 1835 512 1899; x_wconf 86' lang='lat' dir='ltr'>vinum</span> <span class='ocrx_word' id='word_1_119' title='bbox 529 1836 569 1899; x_wconf 88' lang='lat' dir='ltr'>ad</span> <span class='ocrx_word' id='word_1_120' title='bbox 587 1858 621 1900; x_wconf 93' lang='lat' dir='ltr'>se</span> <span class='ocrx_word' id='word_1_121' title='bbox 639 1836 764 1902; x_wconf 92' lang='lat' dir='ltr'>omnino</span> <span class='ocrx_word' id='word_1_122' title='bbox 782 1836 948 1921; x_wconf 81' lang='lat' dir='ltr'>importari</span> <span class='ocrx_word' id='word_1_123' title='bbox 965 1860 1012 1902; x_wconf 73' lang='lat' dir='ltr'>no]</span> 
     </span>
     <span class='ocr_line' id='line_1_19' title="bbox 136 1926 998 2011; baseline 0.006 -20"><span class='ocrx_word' id='word_1_124' title='bbox 136 1926 221 2011; x_wconf 91' lang='lat' dir='ltr'>quod</span> <span class='ocrx_word' id='word_1_125' title='bbox 236 1950 285 1993; x_wconf 87' lang='lat' dir='ltr'>ea</span> <span class='ocrx_word' id='word_1_126' title='bbox 305 1951 338 1993; x_wconf 88' lang='lat' dir='ltr'>re</span> <span class='ocrx_word' id='word_1_127' title='bbox 360 1927 401 1993; x_wconf 89' lang='lat' dir='ltr'>ad</span> <span class='ocrx_word' id='word_1_128' title='bbox 426 1926 565 1993; x_wconf 91' lang='lat' dir='ltr'>laborem</span> <span class='ocrx_word' id='word_1_129' title='bbox 589 1929 753 1994; x_wconf 81' lang='lat' dir='ltr'>serendum</span> <span class='ocrx_word' id='word_1_130' title='bbox 774 1929 998 1996; x_wconf 84' lang='lat' dir='ltr'>remollescere</span> 
     </span>
     <span class='ocr_line' id='line_1_20' title="bbox 102 2022 1012 2110; baseline 0.002 -22"><span class='ocrx_word' id='word_1_131' title='bbox 102 2031 229 2107; x_wconf 74' lang='lat' dir='ltr'>eatque</span> <span class='ocrx_word' id='word_1_132' title='bbox 255 2023 427 2088; x_wconf 83' lang='lat' dir='ltr'>effeminari</span> <span class='ocrx_word' id='word_1_133' title='bbox 453 2022 647 2089; x_wconf 86' lang='lat' dir='ltr'>arbitrantur.</span> <span class='ocrx_word' id='word_1_134' title='bbox 698 2023 823 2110; x_wconf 88' lang='lat' dir='ltr'>publice</span> <span class='ocrx_word' id='word_1_135' title='bbox 850 2025 1012 2090; x_wconf 90' lang='lat' dir='ltr'>maximan</span> 
     </span>
     <span class='ocr_line' id='line_1_21' title="bbox 138 2117 1012 2204; baseline 0.002 -21"><span class='ocrx_word' id='word_1_136' title='bbox 138 2140 208 2184; x_wconf 92' lang='lat' dir='ltr'>esse</span> <span class='ocrx_word' id='word_1_137' title='bbox 224 2117 364 2198; x_wconf 90' lang='lat' dir='ltr'>laudem,</span> <span class='ocrx_word' id='word_1_138' title='bbox 387 2140 482 2204; x_wconf 89' lang='lat' dir='ltr'>quam</span> <span class='ocrx_word' id='word_1_139' title='bbox 499 2117 649 2183; x_wconf 90' lang='lat' dir='ltr'>latissime</span> <span class='ocrx_word' id='word_1_140' title='bbox 667 2140 687 2182; x_wconf 91' lang='lat' dir='ltr'>a</span> <span class='ocrx_word' id='word_1_141' title='bbox 705 2117 769 2183; x_wconf 89' lang='lat' dir='ltr'>suis</span> <span class='ocrx_word' id='word_1_142' title='bbox 787 2117 904 2184; x_wconf 90' lang='lat' dir='ltr'>finibus</span> <span class='ocrx_word' id='word_1_143' title='bbox 924 2142 1012 2185; x_wconf 72' lang='lat' dir='ltr'>vaca]</span> 
     </span>
     <span class='ocr_line' id='line_1_22' title="bbox 136 2212 1012 2299; baseline 0.002 -21"><span class='ocrx_word' id='word_1_144' title='bbox 136 2212 196 2279; x_wconf 89' lang='lat' dir='ltr'>hac</span> <span class='ocrx_word' id='word_1_145' title='bbox 212 2237 245 2279; x_wconf 91' lang='lat' dir='ltr'>re</span> <span class='ocrx_word' id='word_1_146' title='bbox 264 2213 442 2299; x_wconf 87' lang='lat' dir='ltr'>significari,</span> <span class='ocrx_word' id='word_1_147' title='bbox 459 2235 609 2299; x_wconf 82' lang='lat' dir='ltr'>magnum</span> <span class='ocrx_word' id='word_1_148' title='bbox 626 2234 791 2277; x_wconf 89' lang='lat' dir='ltr'>numerum</span> <span class='ocrx_word' id='word_1_149' title='bbox 803 2212 1012 2280; x_wconf 88' lang='lat' dir='ltr'>eivitatiums</span> 
     </span>
     <span class='ocr_line' id='line_1_23' title="bbox 139 2307 1012 2396; baseline 0.001 -22"><span class='ocrx_word' id='word_1_150' title='bbox 139 2310 291 2376; x_wconf 90' lang='lat' dir='ltr'>sustinere</span> <span class='ocrx_word' id='word_1_151' title='bbox 313 2332 377 2375; x_wconf 92' lang='lat' dir='ltr'>non</span> <span class='ocrx_word' id='word_1_152' title='bbox 397 2331 501 2396; x_wconf 92' lang='lat' dir='ltr'>posse.</span> <span class='ocrx_word' id='word_1_153' title='bbox 545 2307 649 2391; x_wconf 85' lang='lat' dir='ltr'>itaque</span> <span class='ocrx_word' id='word_1_154' title='bbox 671 2331 735 2373; x_wconf 87' lang='lat' dir='ltr'>una</span> <span class='ocrx_word' id='word_1_155' title='bbox 756 2331 796 2373; x_wconf 91' lang='lat' dir='ltr'>ex</span> <span class='ocrx_word' id='word_1_156' title='bbox 817 2318 906 2394; x_wconf 88' lang='lat' dir='ltr'>parte</span> <span class='ocrx_word' id='word_1_157' title='bbox 931 2333 953 2375; x_wconf 89' lang='lat' dir='ltr'>a</span> <span class='ocrx_word' id='word_1_158' title='bbox 972 2308 1012 2377; x_wconf 80' lang='lat' dir='ltr'>St</span> 
     </span>
     <span class='ocr_line' id='line_1_24' title="bbox 138 2402 1012 2490; baseline 0.002 -22"><span class='ocrx_word' id='word_1_159' title='bbox 138 2405 214 2468; x_wconf 89' lang='lat' dir='ltr'>citer</span> <span class='ocrx_word' id='word_1_160' title='bbox 235 2404 321 2468; x_wconf 88' lang='lat' dir='ltr'>milia</span> <span class='ocrx_word' id='word_1_161' title='bbox 341 2426 494 2489; x_wconf 87' lang='lat' dir='ltr'>passuum</span> <span class='ocrx_word' id='word_1_162' title='bbox 520 2412 667 2467; x_wconf 87' lang='lat' dir='ltr'>sexcenta</span> <span class='ocrx_word' id='word_1_163' title='bbox 692 2402 760 2490; x_wconf 80' lang='lat' dir='ltr'>agri</span> <span class='ocrx_word' id='word_1_164' title='bbox 785 2425 896 2468; x_wconf 86' lang='lat' dir='ltr'>vacare</span> <span class='ocrx_word' id='word_1_165' title='bbox 920 2405 1012 2470; x_wconf 86' lang='lat' dir='ltr'>dicut</span> 
     </span>
     <span class='ocr_line' id='line_1_25' title="bbox 136 2495 1012 2584; baseline 0.002 -23"><span class='ocrx_word' id='word_1_166' title='bbox 136 2497 265 2562; x_wconf 89' lang='lat' dir='ltr'>alteram</span> <span class='ocrx_word' id='word_1_167' title='bbox 281 2508 403 2584; x_wconf 89' lang='lat' dir='ltr'>partem</span> <span class='ocrx_word' id='word_1_168' title='bbox 421 2498 591 2562; x_wconf 89' lang='lat' dir='ltr'>succedunt</span> <span class='ocrx_word' id='word_1_169' title='bbox 604 2495 691 2574; x_wconf 90' lang='lat' dir='ltr'>Ubii,</span> <span class='ocrx_word' id='word_1_170' title='bbox 709 2518 840 2581; x_wconf 90' lang='lat' dir='ltr'>quorum</span> <span class='ocrx_word' id='word_1_171' title='bbox 858 2496 920 2561; x_wconf 82' lang='lat' dir='ltr'>fuit</span> <span class='ocrx_word' id='word_1_172' title='bbox 934 2499 1012 2563; x_wconf 86' lang='lat' dir='ltr'>civit</span> 
     </span>
     <span class='ocr_line' id='line_1_26' title="bbox 137 2587 1012 2678; baseline 0.002 -22"><span class='ocrx_word' id='word_1_173' title='bbox 137 2603 230 2676; x_wconf 90' lang='lat' dir='ltr'>atque</span> <span class='ocrx_word' id='word_1_174' title='bbox 248 2590 376 2669; x_wconf 88' lang='lat' dir='ltr'>florens,</span> <span class='ocrx_word' id='word_1_175' title='bbox 404 2600 439 2655; x_wconf 91' lang='lat' dir='ltr'>ut</span> <span class='ocrx_word' id='word_1_176' title='bbox 456 2600 504 2655; x_wconf 89' lang='lat' dir='ltr'>est</span> <span class='ocrx_word' id='word_1_177' title='bbox 522 2600 630 2676; x_wconf 90' lang='lat' dir='ltr'>eaptus</span> <span class='ocrx_word' id='word_1_178' title='bbox 651 2587 892 2669; x_wconf 85' lang='lat' dir='ltr'>Germanorum,</span> <span class='ocrx_word' id='word_1_179' title='bbox 922 2602 956 2657; x_wconf 90' lang='lat' dir='ltr'>et</span> <span class='ocrx_word' id='word_1_180' title='bbox 977 2615 1012 2678; x_wconf 78' lang='lat' dir='ltr'>pa</span> 
     </span>
     <span class='ocr_line' id='line_1_27' title="bbox 136 2685 1012 2773; baseline 0.002 -22"><span class='ocrx_word' id='word_1_181' title='bbox 136 2687 277 2752; x_wconf 88' lang='lat' dir='ltr'>eiusdem</span> <span class='ocrx_word' id='word_1_182' title='bbox 294 2686 416 2773; x_wconf 87' lang='lat' dir='ltr'>generis</span> <span class='ocrx_word' id='word_1_183' title='bbox 435 2685 545 2752; x_wconf 89' lang='lat' dir='ltr'>ceteris</span> <span class='ocrx_word' id='word_1_184' title='bbox 562 2686 771 2765; x_wconf 86' lang='lat' dir='ltr'>humaniores,</span> <span class='ocrx_word' id='word_1_185' title='bbox 789 2698 957 2772; x_wconf 89' lang='lat' dir='ltr'>propterea</span> <span class='ocrx_word' id='word_1_186' title='bbox 975 2710 1012 2772; x_wconf 85' lang='lat' dir='ltr'>qt</span> 
     </span>
     <span class='ocr_line' id='line_1_28' title="bbox 135 2780 1012 2867; baseline 0 -20"><span class='ocrx_word' id='word_1_187' title='bbox 135 2805 211 2847; x_wconf 92' lang='lat' dir='ltr'>num</span> <span class='ocrx_word' id='word_1_188' title='bbox 225 2780 390 2867; x_wconf 87' lang='lat' dir='ltr'>attingunt,</span> <span class='ocrx_word' id='word_1_189' title='bbox 408 2780 602 2866; x_wconf 89' lang='lat' dir='ltr'>multumque</span> <span class='ocrx_word' id='word_1_190' title='bbox 616 2782 656 2846; x_wconf 91' lang='lat' dir='ltr'>ad</span> <span class='ocrx_word' id='word_1_191' title='bbox 674 2803 727 2846; x_wconf 92' lang='lat' dir='ltr'>eos</span> <span class='ocrx_word' id='word_1_192' title='bbox 745 2793 933 2846; x_wconf 81' lang='lat' dir='ltr'>mercatores</span> <span class='ocrx_word' id='word_1_193' title='bbox 953 2805 1012 2847; x_wconf 84' lang='lat' dir='ltr'>ven</span> 
     </span>
     <span class='ocr_line' id='line_1_29' title="bbox 135 2873 1012 2962; baseline 0.001 -21"><span class='ocrx_word' id='word_1_194' title='bbox 135 2876 197 2962; x_wconf 89' lang='lat' dir='ltr'>ipsi</span> <span class='ocrx_word' id='word_1_195' title='bbox 214 2886 342 2962; x_wconf 90' lang='lat' dir='ltr'>propter</span> <span class='ocrx_word' id='word_1_196' title='bbox 359 2876 621 2962; x_wconf 89' lang='lat' dir='ltr'>propinquitatem</span> <span class='ocrx_word' id='word_1_197' title='bbox 640 2873 769 2942; x_wconf 86' lang='lat' dir='ltr'>Gallicis</span> <span class='ocrx_word' id='word_1_198' title='bbox 793 2886 865 2941; x_wconf 90' lang='lat' dir='ltr'>sunt</span> <span class='ocrx_word' id='word_1_199' title='bbox 887 2877 1012 2942; x_wconf 91' lang='lat' dir='ltr'>moribu</span> 
     </span>
     <span class='ocr_line' id='line_1_30' title="bbox 136 2967 1012 3057; baseline 0 -21"><span class='ocrx_word' id='word_1_200' title='bbox 136 2970 220 3036; x_wconf 84' lang='lat' dir='ltr'>facti.</span> <span class='ocrx_word' id='word_1_201' title='bbox 264 2969 322 3035; x_wconf 94' lang='lat' dir='ltr'>hos</span> <span class='ocrx_word' id='word_1_202' title='bbox 341 2992 413 3035; x_wconf 88' lang='lat' dir='ltr'>cum</span> <span class='ocrx_word' id='word_1_203' title='bbox 432 2967 530 3036; x_wconf 87' lang='lat' dir='ltr'>Suebi</span> <span class='ocrx_word' id='word_1_204' title='bbox 548 2969 653 3035; x_wconf 90' lang='lat' dir='ltr'>multis</span> <span class='ocrx_word' id='word_1_205' title='bbox 672 2992 765 3056; x_wconf 89' lang='lat' dir='ltr'>saepe</span> <span class='ocrx_word' id='word_1_206' title='bbox 783 2970 872 3037; x_wconf 89' lang='lat' dir='ltr'>bellis</span> <span class='ocrx_word' id='word_1_207' title='bbox 896 2983 1012 3057; x_wconf 88' lang='lat' dir='ltr'>expert</span> 
     </span>
     <span class='ocr_line' id='line_1_31' title="bbox 135 3063 1011 3152; baseline 0.001 -22"><span class='ocrx_word' id='word_1_208' title='bbox 135 3063 370 3152; x_wconf 90' lang='lat' dir='ltr'>amplitudinem</span> <span class='ocrx_word' id='word_1_209' title='bbox 387 3063 633 3150; x_wconf 85' lang='lat' dir='ltr'>gravitatemque</span> <span class='ocrx_word' id='word_1_210' title='bbox 652 3064 784 3130; x_wconf 88' lang='lat' dir='ltr'>civitatis</span> <span class='ocrx_word' id='word_1_211' title='bbox 798 3064 912 3130; x_wconf 88' lang='lat' dir='ltr'>finibus</span> <span class='ocrx_word' id='word_1_212' title='bbox 926 3086 1011 3151; x_wconf 89' lang='lat' dir='ltr'>expe</span> 
     </span>
     <span class='ocr_line' id='line_1_32' title="bbox 134 3158 1012 3246; baseline -0.003 -20"><span class='ocrx_word' id='word_1_213' title='bbox 134 3159 318 3246; x_wconf 88' lang='lat' dir='ltr'>potuissent,</span> <span class='ocrx_word' id='word_1_214' title='bbox 339 3168 442 3224; x_wconf 90' lang='lat' dir='ltr'>tamen</span> <span class='ocrx_word' id='word_1_215' title='bbox 459 3159 628 3245; x_wconf 86' lang='lat' dir='ltr'>vectigales</span> <span class='ocrx_word' id='word_1_216' title='bbox 647 3158 708 3223; x_wconf 91' lang='lat' dir='ltr'>sibi</span> <span class='ocrx_word' id='word_1_217' title='bbox 725 3158 865 3224; x_wconf 89' lang='lat' dir='ltr'>fecerunt</span> <span class='ocrx_word' id='word_1_218' title='bbox 883 3181 921 3222; x_wconf 88' lang='lat' dir='ltr'>ae</span> <span class='ocrx_word' id='word_1_219' title='bbox 939 3160 1012 3223; x_wconf 68' lang='lat' dir='ltr'>mul:</span> 
     </span>
     <span class='ocr_line' id='line_1_33' title="bbox 101 3252 1012 3340; baseline -0.002 -20"><span class='ocrx_word' id='word_1_220' title='bbox 101 3273 117 3321; x_wconf 83' lang='lat'>4</span> <span class='ocrx_word' id='word_1_221' title='bbox 133 3253 226 3320; x_wconf 90' lang='lat' dir='ltr'>liores</span> <span class='ocrx_word' id='word_1_222' title='bbox 244 3253 490 3337; x_wconf 89' lang='lat' dir='ltr'>infirmioresque</span> <span class='ocrx_word' id='word_1_223' title='bbox 506 3254 702 3340; x_wconf 88' lang='lat' dir='ltr'>redegerunt.</span> <span class='ocrx_word' id='word_1_224' title='bbox 741 3253 774 3316; x_wconf 88' lang='lat' dir='ltr'>in</span> <span class='ocrx_word' id='word_1_225' title='bbox 791 3252 900 3317; x_wconf 88' lang='lat' dir='ltr'>eadem</span> <span class='ocrx_word' id='word_1_226' title='bbox 919 3274 1012 3318; x_wconf 88' lang='lat' dir='ltr'>causa</span> 
     </span>
     <span class='ocr_line' id='line_1_34' title="bbox 134 3347 1012 3435; baseline -0.002 -20"><span class='ocrx_word' id='word_1_227' title='bbox 134 3348 284 3435; x_wconf 90' lang='lat' dir='ltr'>Usipetes</span> <span class='ocrx_word' id='word_1_228' title='bbox 303 3360 334 3414; x_wconf 92' lang='lat' dir='ltr'>et</span> <span class='ocrx_word' id='word_1_229' title='bbox 352 3348 511 3427; x_wconf 87' lang='lat' dir='ltr'>Tencteri,</span> <span class='ocrx_word' id='word_1_230' title='bbox 530 3371 609 3432; x_wconf 93' lang='lat' dir='ltr'>quos</span> <span class='ocrx_word' id='word_1_231' title='bbox 628 3370 723 3433; x_wconf 88' lang='lat' dir='ltr'>supra</span> <span class='ocrx_word' id='word_1_232' title='bbox 739 3347 889 3425; x_wconf 86' lang='lat' dir='ltr'>diximus,</span> <span class='ocrx_word' id='word_1_233' title='bbox 909 3349 965 3431; x_wconf 93' lang='lat' dir='ltr'>qui</span> <span class='ocrx_word' id='word_1_234' title='bbox 983 3369 1012 3413; x_wconf 81' lang='lat' dir='ltr'>c&lt;</span> 
     </span>
     <span class='ocr_line' id='line_1_35' title="bbox 135 3440 1012 3519; baseline -0.001 -11"><span class='ocrx_word' id='word_1_235' title='bbox 135 3465 233 3508; x_wconf 91' lang='lat' dir='ltr'>annos</span> <span class='ocrx_word' id='word_1_236' title='bbox 257 3440 434 3509; x_wconf 87' lang='lat' dir='ltr'>Sueborum</span> <span class='ocrx_word' id='word_1_237' title='bbox 455 3443 520 3508; x_wconf 84' lang='lat' dir='ltr'>vim</span> <span class='ocrx_word' id='word_1_238' title='bbox 543 3443 768 3519; x_wconf 83' lang='lat' dir='ltr'>sustinuerunt3</span> <span class='ocrx_word' id='word_1_239' title='bbox 794 3442 835 3505; x_wconf 90' lang='lat' dir='ltr'>ad</span> <span class='ocrx_word' id='word_1_240' title='bbox 857 3452 1012 3507; x_wconf 76' lang='lat' dir='ltr'>extremui</span> 
     </span>
     <span class='ocr_line' id='line_1_36' title="bbox 135 3534 1012 3624; baseline -0.002 -22"><span class='ocrx_word' id='word_1_241' title='bbox 135 3537 219 3624; x_wconf 87' lang='lat' dir='ltr'>agris</span> <span class='ocrx_word' id='word_1_242' title='bbox 238 3537 360 3622; x_wconf 88' lang='lat' dir='ltr'>expulsi</span> <span class='ocrx_word' id='word_1_243' title='bbox 382 3549 413 3604; x_wconf 91' lang='lat' dir='ltr'>et</span> <span class='ocrx_word' id='word_1_244' title='bbox 430 3537 535 3603; x_wconf 91' lang='lat' dir='ltr'>multis</span> <span class='ocrx_word' id='word_1_245' title='bbox 557 3537 634 3603; x_wconf 92' lang='lat' dir='ltr'>loeis</span> <span class='ocrx_word' id='word_1_246' title='bbox 653 3534 840 3602; x_wconf 86' lang='lat' dir='ltr'>Germaniae</span> <span class='ocrx_word' id='word_1_247' title='bbox 862 3535 1012 3602; x_wconf 82' lang='lat' dir='ltr'>trienniur</span> 
     </span>
     <span class='ocr_line' id='line_1_37' title="bbox 135 3628 1012 3719; baseline -0.002 -22"><span class='ocrx_word' id='word_1_248' title='bbox 135 3631 176 3697; x_wconf 87' lang='lat' dir='ltr'>ad</span> <span class='ocrx_word' id='word_1_249' title='bbox 197 3629 344 3696; x_wconf 87' lang='lat' dir='ltr'>Rhenum</span> <span class='ocrx_word' id='word_1_250' title='bbox 366 3642 585 3719; x_wconf 86' lang='lat' dir='ltr'>pervenerunt3</span> <span class='ocrx_word' id='word_1_251' title='bbox 612 3655 690 3717; x_wconf 91' lang='lat' dir='ltr'>quas</span> <span class='ocrx_word' id='word_1_252' title='bbox 713 3631 855 3718; x_wconf 86' lang='lat' dir='ltr'>regiones</span> <span class='ocrx_word' id='word_1_253' title='bbox 878 3628 1012 3717; x_wconf 88' lang='lat' dir='ltr'>Menapi</span> 
     </span>
     <span class='ocr_line' id='line_1_38' title="bbox 136 3726 1012 3814; baseline -0.002 -22"><span class='ocrx_word' id='word_1_254' title='bbox 136 3727 211 3792; x_wconf 89' lang='lat' dir='ltr'>bant</span> <span class='ocrx_word' id='word_1_255' title='bbox 228 3739 260 3791; x_wconf 91' lang='lat' dir='ltr'>et</span> <span class='ocrx_word' id='word_1_256' title='bbox 276 3726 317 3791; x_wconf 89' lang='lat' dir='ltr'>ad</span> <span class='ocrx_word' id='word_1_257' title='bbox 333 3737 497 3812; x_wconf 87' lang='lat' dir='ltr'>utramque</span> <span class='ocrx_word' id='word_1_258' title='bbox 510 3729 611 3814; x_wconf 91' lang='lat' dir='ltr'>ripam</span> <span class='ocrx_word' id='word_1_259' title='bbox 624 3726 760 3792; x_wconf 90' lang='lat' dir='ltr'>fluminis</span> <span class='ocrx_word' id='word_1_260' title='bbox 775 3749 877 3813; x_wconf 80' lang='lat' dir='ltr'>agree,</span> <span class='ocrx_word' id='word_1_261' title='bbox 896 3726 1012 3791; x_wconf 77' lang='lat' dir='ltr'>aedifici</span> 
     </span>
     <span class='ocr_line' id='line_1_39' title="bbox 136 3820 1011 3906; baseline -0.002 -20"><span class='ocrx_word' id='word_1_262' title='bbox 136 3842 197 3904; x_wconf 90' lang='lat' dir='ltr'>que</span> <span class='ocrx_word' id='word_1_263' title='bbox 218 3820 389 3901; x_wconf 91' lang='lat' dir='ltr'>habebant,</span> <span class='ocrx_word' id='word_1_264' title='bbox 417 3823 472 3888; x_wconf 94' lang='lat' dir='ltr'>sed</span> <span class='ocrx_word' id='word_1_265' title='bbox 493 3832 597 3888; x_wconf 86' lang='lat' dir='ltr'>tantae</span> <span class='ocrx_word' id='word_1_266' title='bbox 614 3821 820 3887; x_wconf 90' lang='lat' dir='ltr'>multitudinis</span> <span class='ocrx_word' id='word_1_267' title='bbox 838 3821 926 3885; x_wconf 91' lang='lat' dir='ltr'>aditu</span> <span class='ocrx_word' id='word_1_268' title='bbox 942 3831 1011 3906; x_wconf 91' lang='lat' dir='ltr'>pert</span> 
     </span>
     <span class='ocr_line' id='line_1_40' title="bbox 135 3914 1012 4003; baseline 0 -23"><span class='ocrx_word' id='word_1_269' title='bbox 135 3914 174 3979; x_wconf 90' lang='lat' dir='ltr'>iis</span> <span class='ocrx_word' id='word_1_270' title='bbox 192 3915 351 3995; x_wconf 86' lang='lat' dir='ltr'>aediliciis,</span> <span class='ocrx_word' id='word_1_271' title='bbox 370 3939 451 4001; x_wconf 91' lang='lat' dir='ltr'>quae</span> <span class='ocrx_word' id='word_1_272' title='bbox 469 3917 686 3983; x_wconf 84' lang='lat' dir='ltr'>transflumen</span> <span class='ocrx_word' id='word_1_273' title='bbox 702 3915 885 3994; x_wconf 88' lang='lat' dir='ltr'>habuerant,</span> <span class='ocrx_word' id='word_1_274' title='bbox 904 3916 1012 4003; x_wconf 77' lang='lat' dir='ltr'>demig</span> 
     </span>
     <span class='ocr_line' id='line_1_41' title="bbox 130 4008 1004 4103; baseline -0.007 -26"><span class='ocrx_word' id='word_1_275' title='bbox 130 4019 164 4078; x_wconf 89' lang='lat' dir='ltr'>et</span> <span class='ocrx_word' id='word_1_276' title='bbox 192 4011 238 4080; x_wconf 86' lang='lat' dir='ltr'>cis</span> <span class='ocrx_word' id='word_1_277' title='bbox 261 4011 415 4082; x_wconf 84' lang='lat' dir='ltr'>Rhenum</span> <span class='ocrx_word' id='word_1_278' title='bbox 440 4012 604 4103; x_wconf 89' lang='lat' dir='ltr'>dispositis</span> <span class='ocrx_word' id='word_1_279' title='bbox 633 4011 801 4101; x_wconf 73' lang='lat' dir='ltr'>praesidiis</span> <span class='ocrx_word' id='word_1_280' title='bbox 824 4008 1004 4074; x_wconf 67' lang='lat' dir='ltr'>Germanos</span> 
     </span>
    </p>
   </div>
   <div class='ocr_carea' id='block_1_3' title="bbox 0 0 1212 4336">
    <p class='ocr_par' dir='ltr' id='par_1_3' title="bbox 0 0 1212 4336">
     <span class='ocr_line' id='line_1_42' title="bbox 0 0 1212 4336; baseline 0 0"><span class='ocrx_word' id='word_1_281' title='bbox 0 0 1212 4336; x_wconf 95' lang='lat' dir='ltr'> </span> 
     </span>
    </p>
   </div>
  </div>
 </body>
</html>
