2528 4336
517 223 572 281 DE
587 223 717 282 BELLO
736 221 906 283 eunuco

202 349 321 416 timoris
340 349 551 437 suspicionem
567 350 714 429 vitarent,
732 348 944 416 remanebant.
987 349 1021 416 hi
1038 373 1145 438 neque
1160 352 1210 419 vul
1230 327 1260 394 lu

203 453 271 509 tum
296 444 415 531 fingere
441 465 543 528 neque
572 443 728 510 interdum
758 444 901 510 lacrimas
932 453 1037 511 tenere
1070 459 1211 534 poterant
1231 443 1260 487 l³

203 536 300 605 abditi
315 539 355 611 ‚in
377 536 585 604 tabemaculis
607 549 662 604 aut
684 562 775 604 suum
797 539 897 605 fatum
919 539 1151 624 querebantur,
1176 551 1214 611 att
1232 536 1260 602 l’l

202 654 275 698 cum
292 630 497 697 familiaribus
522 633 587 697 suis
605 653 770 699 commune
790 633 963 720 periculum
983 633 1216 704 miserabantur.
1235 635 1260 676 *³³

202 726 297 814 volgo
314 727 388 792 totis
406 727 516 792 castris
534 736 722 794 testamento
738 726 993 815 obsignabantur.
1037 728 1160 798 horum
1176 755 1220 799 vo
1241 800 1243 816 ,

202 819 292 887 cibus
309 842 347 886 ac
364 820 473 885 timore
490 821 641 906 paulatim
659 821 753 887 etiam
769 821 801 899 ii,
820 821 874 906 qui
891 844 1041 911 magnum
1060 825 1096 889 in
1115 826 1222 894 castris
1242 822 1260 865 ¹

201 936 295 980 usum
316 913 487 993 habebant,
514 915 628 980 milites
654 916 911 1001 centurionesque
933 917 1050 1002 quique
1074 921 1226 1006 equitatui
1248 920 1253 931 “

201 1018 378 1094 praeerant,
403 1007 673 1092 perturbabantur.
717 1010 772 1094 qui
793 1031 828 1075 se
846 1031 886 1075 ex
902 1010 952 1078 his
972 1011 1080 1079 minus
1098 1013 1226 1082 timidos

202 1103 372 1168 existimari
389 1102 549 1182 volebant,
571 1125 635 1169 non
653 1125 687 1169 se
706 1104 829 1169 hostem
846 1105 960 1184 vereri,
984 1105 1040 1170 sed
1060 1110 1227 1195 angustias
1258 1109 1260 1118 ⁴

202 1196 333 1275 itineris,
350 1196 597 1283 magnitudinem
615 1197 779 1276 silvarum,
801 1219 881 1281 quae
898 1199 1132 1267 intercederent
1150 1204 1228 1270 inter

200 1292 288 1379 ipsos
306 1303 399 1378 atque
417 1292 627 1372 Ariovistum,
654 1303 709 1359 aut
725 1316 792 1359 rem
814 1293 1063 1374 frumentariam,
1092 1307 1132 1362 ut
1153 1300 1226 1365 satis

201 1389 363 1454 commode
390 1389 565 1475 supportari
591 1399 713 1476 posset,
744 1390 853 1455 timere
883 1389 1036 1456 dicebant
1082 1395 1227 1460 nonnulli

201 1483 295 1547 etiam
313 1481 443 1548 Caesari
460 1482 692 1562 renuntiabant,
720 1505 793 1548 cum
816 1494 918 1549 castra
938 1485 1058 1550 moveri
1075 1509 1116 1552 ac
1136 1489 1227 1577 signu

201 1576 275 1643 ferri
300 1577 459 1654 iussisset,
491 1599 555 1642 non
580 1578 649 1643 fore
675 1578 759 1644 dicto
787 1578 949 1644 audientes
975 1579 1092 1646 milites
1123 1606 1226 1669 neque

150 1682 327 1758 eapropter
348 1671 491 1736 timorem
514 1672 605 1758 signa
621 1673 749 1738 laturos.
797 1673 874 1738 haec
896 1695 969 1738 cum
985 1674 1225 1744 animadvertis-

201 1774 257 1843 set,
276 1775 446 1830 convocato
465 1765 595 1831 consilio
617 1766 818 1851 omniumque
846 1767 989 1832 ordinum
1011 1768 1051 1832 ad
1069 1768 1104 1834 id
1122 1773 1224 1839 consi·

200 1857 276 1924 lium
302 1857 449 1924 adhibitis
476 1859 709 1926 centurionibus
739 1860 940 1926 vehementer
970 1883 1024 1927 eos
1050 1861 1223 1931 incusavit:

199 1954 348 2039 primum,
371 1953 469 2036 quod,
492 1962 546 2017 aut
567 1974 661 2038 quam
678 1954 711 2018 in
727 1965 847 2039 partem
865 1964 918 2020 aut
935 1977 998 2039 quo
1016 1957 1151 2024 consilio
1171 1961 1224 2025 du·

200 2056 355 2124 cerentur,
397 2045 458 2112 sibi
492 2048 705 2131 quaerendum
740 2060 795 2113 aut
829 2049 1029 2136 cogitandum
1063 2063 1221 2135 putarent

198 2140 394 2207 Ariovistum
412 2162 447 2206 se
464 2141 591 2207 consule
609 2142 810 2228 cupidissime
831 2142 939 2228 populi
956 2143 1092 2208 Romani
1115 2147 1223 2212 amici·

198 2236 275 2301 tiam
291 2235 462 2320 appetisse:
482 2257 537 2300 cur
553 2234 643 2301 hune·
655 2246 720 2301 tam
737 2246 853 2301 temere
871 2237 1037 2319 quisquam
1054 2237 1096 2302 ab
1115 2239 1223 2306 officio

198 2331 410 2395 discessurum
439 2330 609 2394 iudicaret?
640 2330 701 2395 sibi
727 2331 853 2414 quidem
879 2331 1059 2416 persuaderi
1085 2335 1223 2420 cognitis

199 2424 263 2490 suis
281 2423 446 2509 postulatis
465 2435 557 2507 atque
571 2423 725 2506 aequitate
740 2423 956 2488 condicionum
968 2436 1135 2510 perspecta
1150 2451 1224 2494 eum

197 2539 299 2600 neque
317 2538 406 2581 suam
423 2537 525 2599 neque
542 2516 650 2602 populi
667 2517 802 2582 Romani
818 2519 951 2604 gratiam
972 2519 1223 2604 repudiaturum

198 2611 283 2695 quod
301 2610 329 2676 si
344 2609 449 2674 furore
467 2620 560 2694 atque
583 2611 720 2676 amentia
742 2611 895 2697 impulsus
917 2611 1034 2677 bellum
1050 2613 1223 2694 intulisset,

198 2704 274 2789 quid
296 2705 423 2769 tandem
443 2703 642 2769 vererentur?
672 2715 726 2769 aut
748 2727 804 2770 cur
825 2705 865 2770 de
890 2728 947 2770 sua
968 2707 1081 2772 virtme
1104 2719 1164 2774 aut
1187 2711 1224 2775 de

197 2799 297 2885 ipsius
320 2798 481 2884 diligentia
504 2799 723 2884 desperarent?
752 2798 871 2864 factum
889 2799 956 2864 eius
978 2799 1077 2866 hostis
1096 2803 1222 2886 pericu-

198 2892 264 2957 lum
275 2902 400 2978 patrum
413 2903 588 2958 nostrorum
601 2893 759 2970 memoria,
778 2914 850 2959 cum
865 2892 1002 2959 Cimbris
1020 2904 1052 2960 et
1064 2893 1222 2964 Teutonis

128 3017 129 3022 ¹
198 2983 313 3053 aGaio
326 2985 430 3052 Mario
447 2986 546 3073 pulsis
559 3009 622 3053 non
634 2988 786 3053 minorem
805 2987 930 3053 laudem
949 2987 1104 3054 exercitus
1123 3012 1221 3074 quam

197 3081 265 3167 ipse
282 3082 450 3166 imperator
466 3081 594 3146 meritus
611 3081 789 3159 videbatur3
813 3081 933 3147 factum
955 3082 1049 3148 etiam
1066 3105 1172 3169 nuper
1189 3085 1221 3150 in

196 3176 288 3241 Italia
306 3176 411 3242 servili
427 3176 577 3253 tumultu,
604 3198 684 3261 quos
706 3186 810 3241 tamen
831 3175 949 3260 aliquid
971 3199 1049 3242 usus
1068 3199 1106 3242 ac
1124 3179 1220 3245 disci-

195 3270 294 3356 plina,
313 3292 393 3356 quae
411 3270 539 3337 anobis
558 3271 760 3356 accepissent,
780 3269 987 3337 sublevarent.
1031 3293 1071 3336 ex
1087 3293 1153 3356 quo
1172 3275 1219 3339 iu·

196 3364 292 3430 dicari
307 3388 412 3452 posse,
431 3376 583 3450 quantum
600 3363 729 3430 haberet
745 3364 779 3429 in
796 3387 830 3430 se
847 3365 922 3432 boni
939 3365 1127 3444 constantia,
1145 3390 1219 3453 pro·

194 3468 302 3544 pterea
318 3461 416 3544 quod,
435 3481 515 3545 quos
533 3458 725 3544 aliquamdiu
742 3459 877 3526 inermos
896 3460 964 3525 sine
981 3481 1077 3525 causa
1093 3461 1217 3526 timuis-

196 3561 275 3630 sent,
293 3551 352 3618 hos
368 3562 479 3638 postea
495 3563 630 3620 armatos
645 3576 682 3618 ac
696 3554 828 3619 victores
843 3563 1052 3639 superassent.
1079 3552 1216 3641 denique

195 3645 254 3713 hos
271 3667 343 3712 esse
361 3646 503 3724 eosdem,
530 3647 718 3733 quibuscum
741 3669 965 3734 saepenumero
981 3646 1123 3713 Helvetii
1141 3669 1215 3714 con-

195 3740 297 3827 gressi
321 3762 386 3806 nou
411 3740 513 3807 solum
537 3742 571 3807 in
598 3741 677 3820 suis,
704 3742 760 3806 sed
782 3742 875 3808 etiam
896 3742 931 3806 in
950 3741 1075 3808 illorum
1097 3741 1215 3808 finibus

194 3834 377 3920 plerumque
395 3835 582 3921 superarint,
606 3835 661 3920 qui
678 3844 783 3901 tamen
800 3858 890 3922 pares
913 3858 983 3902 esse
1000 3845 1108 3902 nostro
1127 3859 1213 3903 exer·

195 3928 270 3993 citui
286 3952 350 3994 nou
371 3929 537 4016 potuerint.
581 3930 610 3996 si
631 3951 711 4014 quos
733 3930 900 3996 adversum
917 3930 1069 4018 proelium
1087 3940 1120 3994 et
1137 3929 1215 4018 fuga

196 4019 359 4092 Gallorum
377 4034 596 4105 commoveret,
613 4025 688 4103 hos,
706 4024 735 4093 si
751 4035 948 4110 quaererent,
965 4024 1101 4111 reperire
1117 4046 1214 4112 posse
