2414 4336
354 217 662 280 conctusa-cr.
976 209 1016 281 81

10 367 66 412 mo
87 344 221 412 modum
238 345 412 413 distributis
433 345 612 436 legionibus
634 346 782 414 facillime
803 348 927 436 inopiae
951 349 1016 416 fru·

10 440 160 507 entariae
187 463 258 507 sese
284 442 401 508 mederi
424 464 518 528 posse
541 442 740 509 existimavit.
786 455 879 526 atque
904 444 1015 510 harum

10 557 92 615 men
101 537 243 602 omnium
256 535 416 624 legionum
428 536 561 602 hiberna
573 546 696 623 praeter
709 558 788 615 eam,
804 558 900 621 quam
912 538 1016 606 Lucio

10 630 106 703 hoio
123 630 158 695 in
175 631 407 716 pacatissimam
426 641 457 696 et
469 630 695 716 quietissimam
707 649 828 716 partem
842 630 1017 697 ducendam

10 722 126 811 flerat,
146 724 273 790 milibus
290 747 444 811 passuum
463 736 589 790 centurn
606 724 853 790 continebantur.
884 726 952 811 ipse
969 726 1018 791 in-

31 889 34 896 ,
103 819 209 904 quoad
227 818 367 905 legiones
382 818 550 885 collocatas
563 818 744 902 munitaque
757 817 887 884 hiberna
901 842 1018 907 cogno-

33 923 100 1001 ¹et,
128 913 162 978 in
189 910 294 978 Gallia
319 913 434 979 morari
460 914 629 980 constituit
674 920 739 978 erat
764 913 797 978 in
825 911 1016 981 Carnutibus
1035 937 1068 986 aa

94 1006 202 1074 olooo
219 1016 313 1073 natus
332 1006 517 1094 Tasgetius,
545 1007 634 1073 cuius
656 1007 790 1073 maiores
812 1007 844 1071 in
868 1031 925 1072 sua
942 1008 1018 1074 civi·

43 1180 45 1185 ¹
74 1125 209 1190 regnum
232 1102 439 1168 obtinuerant
484 1103 557 1168 huic
581 1101 701 1169 Caesar
726 1124 783 1188 pro
810 1103 876 1168 eius
903 1103 1018 1170 virtute

102 1198 136 1262 in
154 1218 189 1262 se
207 1195 432 1276 benevolentia,
451 1197 537 1282 quod
553 1197 587 1262 in
604 1195 748 1262 omnibus
764 1195 853 1262 bellis
867 1198 1018 1284 singulari

68 1314 165 1378 opera
178 1291 280 1355 fuerat
293 1313 380 1369 usus,
399 1291 552 1357 maiorum
564 1291 668 1357 locum
680 1291 866 1356 restituerat.
894 1292 1018 1356 tertium

70 1386 156 1452 hunc
174 1408 291 1450 annum
307 1395 492 1473 regnantem
508 1385 641 1451 inimicis
655 1384 760 1449 multis
773 1383 878 1471 palam
892 1407 930 1450 ex
943 1385 1019 1450 civi-

72 1488 102 1546 et
119 1480 159 1544 iis
178 1479 357 1545 auctoribus
380 1501 453 1545 eum
474 1479 707 1545 interfecerunt.
752 1479 890 1544 defertur
912 1501 950 1544 ea
967 1500 1017 1545 res

40 1573 232 1657 {Caesarem
275 1575 328 1641 ille
345 1576 473 1655 veritus,
492 1576 576 1660 quod
594 1577 635 1641 ad
652 1576 758 1662 plures
776 1576 960 1662 pertinebat,
978 1599 1018 1643 ne

44 1665 100 1736 'tas
128 1691 237 1735 eorum
262 1669 400 1755 impulsu
422 1670 581 1750 deficeret,
607 1671 746 1736 Lucium
767 1669 921 1736 Plancum
947 1694 1017 1737 oum

42 1761 115 1830 ‘one
141 1786 182 1830 ex
203 1763 317 1851 Belgio
343 1764 484 1831 celeriter
508 1766 542 1830 in
570 1764 725 1832 Carnutes
751 1767 907 1852 proficisci
932 1767 1019 1833 iubet

30 1875 95 1943 que
114 1858 268 1936 hiemare,
296 1880 492 1944 quorumque
510 1882 605 1946 opera
627 1870 817 1947 cognoverat
835 1861 1019 1948 Tasgetium

83 1963 200 2033 ectum,
218 1955 277 2021 hos
295 1955 537 2041 comprehensos
556 1956 597 2022 ad
615 1979 649 2022 se
666 1958 797 2022 mittere.
838 1957 961 2022 interim
979 1957 1019 2023 ab

10 2049 137 2119 unibus
156 2048 268 2135 legatis
287 2060 529 2135 quaestoreque,
549 2050 664 2135 quibus
682 2050 822 2135 legiones
841 2050 1019 2128 tradiderat,

10 2144 104 2210 &tior
121 2142 225 2208 factus
244 2153 292 2208 est
309 2144 342 2208 in
357 2143 489 2210 hiberna
504 2154 690 2231 perventum
703 2144 868 2227 locumque
881 2142 1019 2209 hibernis

11 2254 60 2304 fle
79 2235 246 2302 munitum.
274 2238 384 2304 diebus
399 2227 520 2304 circiter
532 2236 610 2315 XV,
629 2236 743 2322 quibus
756 2238 789 2301 in
803 2236 932 2301 hiberna
945 2257 1021 2300 ven·
1038 2252 1069 2301 26

10 2346 58 2397 m
76 2340 140 2410 est,
167 2331 290 2396 initium
308 2333 461 2418 repentini
479 2332 630 2397 tumultus
654 2353 692 2397 ac
709 2330 893 2397 defectionis
918 2339 1020 2396 ortum

10 2430 40 2491 t
57 2425 100 2493 ab
118 2424 305 2513 Ambiorige
328 2438 358 2491 et
382 2425 569 2505 Catuvolco;
596 2425 651 2510 qui
674 2447 746 2491 oum
768 2425 809 2490 ad
830 2425 908 2490 fines
931 2423 1021 2510 regni

10 2519 42 2586 ri
67 2518 190 2586 Sabino
213 2518 386 2605 Cottaeque
408 2530 533 2606 praesto
555 2519 689 2585 fuissent
711 2519 962 2603 frumentumque
988 2518 1021 2581 in

10 2609 126 2681 berna
143 2614 435 2700 comportavissent‚
458 2614 665 2680 Indutiomari
683 2613 813 2680 Treveri
829 2612 946 2678 nuntiis
963 2613 1022 2676 im-

10 2708 79 2777 ulai
97 2731 172 2775 suos
195 2709 428 2775 concitaverunt
450 2707 617 2793 subitoque
635 2708 793 2794 oppressis
815 2706 1021 2794 lignatoribus

10 2821 112 2890 *mgna
128 2825 225 2868 manu
243 2812 345 2869 castra
362 2813 579 2890 oppugnatum
595 2811 756 2867 venerunt.
793 2824 864 2867 cum
883 2800 1023 2867 celeriter

10 2897 95 2987 nabi
112 2920 200 2963 arma
214 2893 373 2984 ‘cepissent
390 2898 569 2982 vallumque
587 2896 823 2963 adscendissent
845 2907 938 2980 atque
959 2918 1023 2960 una

10 3006 42 3057 Ι
56 3002 143 3078 parte
154 2991 309 3078 Hispanis
324 2991 480 3077 equitibus
499 2991 622 3056 emissis
641 2991 778 3075 equestri
794 2990 911 3076 proelio
930 3010 1023 3073 supe-

10 3067 96 3159 ,lores
113 3085 262 3165 fuissent,
281 3087 446 3173 desperata
462 3108 496 3151 re
514 3085 622 3151 hostes
641 3084 681 3151 ab
699 3084 930 3170 oppugnatione
949 3104 1022 3147 suos

10 3158 198 3253 *duxerunt
242 3189 310 3245 tum
328 3204 386 3246 suo
404 3202 490 3246 more
508 3179 789 3255 conclamaverunt,
807 3177 852 3241 uti
871 3175 965 3260 aliqui
984 3196 1024 3240 ex

10 3264 113 3345 muts
131 3273 173 3338 ad
190 3274 379 3359 colloquium
396 3274 569 3361 prodirent:
592 3270 707 3338 habere
725 3292 807 3348 sese,
831 3289 911 3352 quae
933 3269 972 3333 de
990 3289 1023 3332 re

10 3344 158 3441 fimmuni
176 3368 278 3435 dicere
295 3369 418 3446 vellant,
437 3367 551 3453 quibus
569 3366 663 3433 rebus
682 3362 908 3431 controversias
925 3362 1024 3427 minui

10 3444 95 3545 besse
112 3473 280 3548 sperarent
316 3463 448 3529 mittitur
465 3462 506 3527 ad
523 3484 577 3528 eos
596 3458 792 3544 colloquendi
809 3480 905 3524 causa
923 3455 1023 3523 Gaius
1042 3475 1073 3524 27

10 3548 187 3640 Rrpineius²
215 3579 310 3642 eques
328 3557 504 3633 Romanus,
532 3553 693 3620 familiaris
712 3550 822 3634 Quinti
840 3552 966 3629 Titurii,
994 3560 1024 3615 et

10 3640 140 3729 Quintus
158 3650 270 3716 Iunius
289 3673 329 3716 ex
346 3650 502 3736 Hispania
521 3648 662 3732 quidam,
685 3647 738 3731 qui
755 3646 819 3712 iam
836 3657 908 3712 ante
926 3646 1025 3710 missu

10 3735 149 3810 caesus
162 3745 204 3810 ad
216 3742 437 3831 Ambiorigem
449 3743 600 3808 ventitare
613 3750 817 3806 consueverat
821 3766 830 3819 3
849 3739 932 3826 apud
945 3759 1023 3823 quos

10 3829 171 3919 dubiam
187 3839 329 3905 adhunc
347 3840 476 3904 modum
494 3837 617 3903 locutus
636 3844 697 3901 est:
716 3857 785 3902 sese
802 3857 859 3920 pro
878 3830 1023 3900 Caesaris

10 3920 45 3990 ᾗ
60 3954 91 3998 se
112 3933 272 4000 beneficiis
294 3933 462 4020 plurimum
486 3930 516 3998 ei
533 3929 674 4000 confiteri
695 3929 823 4007 debere,
851 3927 935 4012 quod
955 3926 1023 3992 eius

10 4036 98 4175 dpepq
114 4028 270 4114 stipendio
286 4028 436 4095 liberatus
459 4035 556 4103 esset,
584 4025 670 4109 quod
686 4023 862 4178 Aduatuoies
884 4021 1022 4088 finitimis

91 4129 120 4174 a
135 4129 226 4176 onear.
