2528 4336
401 185 524 244 'comm
542 186 621 244 VIII.
639 185 723 241 3-7.
1016 169 1075 237 157

57 311 178 383 Caesar
202 320 401 399 erumpentes>
425 333 464 378 eo
484 311 621 377 maxime
646 319 786 397 tempore
811 309 977 377 acerrimas
1001 321 1079 376 tem·

55 417 193 498 pestates
216 428 289 475 oum
311 406 414 474 subire
437 407 550 473 milites
572 405 682 484 nollet,
707 407 742 472 in
763 404 879 493 oppido
902 404 1077 474 Carnutum

56 501 189 572 Cenabo
219 510 322 571 saeba
352 501 440 589 ponit
470 511 564 587 atque
592 500 733 566 intecta
763 499 877 586 partim
904 496 1077 582 Gallorum,

55 597 169 686 partim
186 618 267 682 quae
284 596 432 664 coniectis
455 595 595 663 celeriter
612 594 789 660 stramentis
812 593 1014 662 tentoriorum
1030 596 1080 662 in·

55 691 262 783 tegendorum
286 691 388 778 gratia
414 699 502 756 erant
526 688 736 766 inaedificata,
767 687 881 754 milites
912 692 1078 779 compegit.

56 785 176 872 equita
194 793 299 850 tamen
316 793 347 851 et
365 783 542 850 auxiliarios
555 782 676 870 pedites
689 782 723 848 in
735 802 844 848 omues
856 791 961 869 partes
974 784 1080 864 mittit,

55 899 268 966 quascumque
285 878 403 965 petisse
420 877 604 945 dicebantur
620 877 742 956 hostes3
768 897 827 943 neo
847 875 978 944 frustra:
1005 902 1079 946 nam

54 974 238 1063 plerumque
260 995 376 1060 magna
395 973 512 1059 praeda
536 971 627 1058 potiti
651 970 751 1037 nostri
774 979 979 1038 revertuntur.
1024 995 1079 1058 op-

10 1094 22 1137 e
54 1067 157 1156 pressi
176 1064 330 1133 Carnutes
348 1066 460 1137 hiemis
479 1064 677 1144 difficultate,
703 1075 820 1132 terrore
836 1064 979 1153 periculi,
1007 1088 1079 1132 cum
1170 1145 1172 1148 y

10 1215 19 1242 ,
54 1160 146 1230 tectis
168 1159 292 1248 expulsi
312 1159 398 1226 nullo
419 1159 488 1226 loco
511 1160 627 1225 diutius
654 1159 824 1225 consistere
851 1160 1000 1226 auderent
1020 1181 1080 1227 nee

10 1301 22 1312 -
56 1256 205 1321 silvarum
221 1254 377 1342 praesidio
395 1253 632 1340 tempestatibus
655 1252 830 1318 durissimis
852 1254 917 1340 tegi
937 1266 1077 1340 possent,

10 1393 19 1405 ·
55 1349 189 1437 dispersi
206 1371 322 1436 magna
338 1356 426 1435 parte
444 1348 560 1414 amissa
578 1370 706 1414 suorum
723 1347 915 1433 dissipantur
935 1349 968 1413 in
985 1349 1079 1414 finiti-

10 1488 22 1499 ·
55 1467 121 1521 mas
141 1443 292 1509 civitates.
321 1440 440 1509 Caesar
457 1451 596 1529 tempore
614 1443 688 1508 anni
704 1441 898 1522 difficillimo,
917 1464 989 1509 cum
1003 1444 1079 1511 satis
1097 1465 1112 1515 e

55 1537 183 1606 haberet
205 1537 424 1604 convenientes
446 1560 558 1603 manus
587 1536 754 1624 dissipare,
780 1559 821 1603 ne
847 1538 931 1622 quod
956 1537 1080 1603 initium

10 1677 17 1690 ·
56 1631 128 1713 belli
144 1641 332 1711 nasceretur,
351 1640 565 1717 quantumque
581 1631 615 1697 in
631 1631 752 1698 ratione
769 1640 864 1711 esset,
883 1631 1079 1718 exploratum

57 1725 184 1797 haberet
206 1725 264 1792 sub
287 1735 411 1813 tempus
434 1726 624 1793 aestivorum
641 1725 763 1791 nullum
785 1748 944 1796 summum
960 1726 1079 1793 bellum

10 1853 14 1890 r
57 1841 148 1906 posse
166 1819 303 1900 conflari,
324 1817 441 1887 Gaium
455 1819 647 1887 Trebonium
665 1841 737 1885 cum
751 1820 873 1887 duabus
890 1820 1077 1909 legionibus,

10 1962 12 1970 ν
58 1936 132 1999 quas
151 1935 259 1980 secum
280 1914 430 1993 habebat,
452 1916 486 1980 in
502 1914 641 1982 hibernis
661 1913 783 1981 Cenabi
800 1913 977 1994 collocavit3
999 1917 1077 2002 ipse,

10 2055 12 2065 ι
58 2031 128 2075 cum
153 2008 270 2076 crebris
296 2008 505 2096 legationibus
527 2009 700 2075 Remorum
726 2010 838 2076 certior
862 2010 950 2076 fieret
974 2010 1080 2076 Bello-

10 2139 11 2151 κ
57 2125 167 2183 vacus,
190 2103 246 2188 qui
265 2102 341 2169 belli
362 2103 462 2191 gloria
480 2100 590 2170 Gallos
612 2124 720 2170 omnes
738 2102 919 2190 Belgasque
940 2115 1080 2190 praesta-

56 2195 143 2276 bant,
169 2196 378 2283 fiuitimasque
396 2198 446 2263 his
463 2197 604 2264 civitates
627 2197 707 2263 duce
726 2195 844 2264 Correo
861 2197 1037 2265 Bellovaco.
1048 2209 1079 2265 et

57 2287 202 2361 Commio
228 2289 380 2365 Atrebate
407 2292 561 2358 exercitus
589 2313 770 2377 comparare
797 2299 892 2377 atque
917 2291 950 2356 in
979 2314 1079 2359 unum

55 2383 302 2474 locum-cogere,
329 2396 364 2452 ut
386 2387 471 2453 omni
492 2386 691 2455 multitudine
707 2386 742 2452 in
762 2386 841 2452 fines
861 2383 1078 2466 Suessionum,

56 2480 107 2565 qui
123 2479 235 2546 Remis
258 2491 345 2547 erant
368 2481 520 2561 attributi,
547 2480 686 2551 facerent
707 2480 959 2568 impressionem,
986 2482 1080 2569 perti-

55 2597 128 2643 nere
146 2584 252 2641 autem
268 2597 332 2641 non
349 2584 471 2642 tantum
489 2577 530 2642 ad
547 2576 740 2664 dignitatem,
759 2578 817 2644 sed
830 2578 925 2643 etiam
938 2577 979 2644 ad
997 2577 1080 2642 salu·

55 2679 116 2738 tem
136 2693 227 2736 suam
243 2670 395 2738 iudicaret
411 2671 530 2738 nullam
552 2672 762 2738 calamitatem
785 2672 887 2739 socios
906 2672 1022 2759 optime
1040 2673 1080 2738 de

54 2763 214 2853 republica
235 2765 362 2832 meritos
385 2766 540 2853 accipere,
565 2766 723 2854 legionem
745 2789 786 2833 ex
809 2767 948 2834 hibernis
971 2775 1080 2833 evocat

54 2881 162 2934 rursus
176 2860 383 2940 undecimam,
401 2860 519 2928 litteras
533 2871 637 2927 autem
652 2861 693 2928 ad
702 2859 820 2930 Gaium
827 2861 963 2928 Fabium
976 2861 1079 2940 mittit,

55 2963 85 3028 ut
100 2954 139 3019 in
150 2953 230 3020 fines
245 2950 454 3042 Suessionum
465 2955 604 3042 legiones
619 2956 709 3035 duas,
727 2977 806 3041 quas
818 2955 963 3034 habebat,
982 2956 1081 3022 addu-

56 3056 151 3126 ceret,
179 3047 369 3134 alteramque
395 3071 436 3114 ex
461 3049 583 3116 duabus
609 3048 650 3116 ab
672 3049 817 3117 Labieno
843 3051 982 3116 arcessit
1026 3051 1079 3127 ita,

56 3149 207 3227 quantum
223 3140 426 3209 hibernorum
447 3142 664 3229 opportunitas
685 3143 822 3228 bellique
843 3143 924 3210 ratio
939 3143 1081 3230 postula-

56 3234 122 3316 bat,¹
135 3245 287 3323 perpetuo
305 3258 363 3304 suo
375 3236 482 3305 labore
493 3236 528 3303 in
541 3237 643 3303 vicem
655 3236 833 3326 legionibus
847 3237 1080 3323 expeditionum

57 3351 134 3397 onus
151 3329 345 3418 iniungebat.
389 3331 439 3397 his
462 3331 560 3418 copiis
584 3331 700 3398 coactis
718 3331 760 3396 ad
776 3329 964 3398 Bellovacos
986 3330 1080 3418 profi·
1098 3351 1112 3399 t

58 3425 182 3492 ciscitur
199 3424 372 3510 castrisque
388 3425 422 3491 in
435 3446 544 3493 eorum
555 3425 671 3493 finibus
684 3425 795 3512 positis
808 3425 948 3510 equitum
961 3433 1080 3492 turmas
1157 3486 1159 3490 Α

59 3518 183 3587 dimittit
198 3519 233 3584 iu
249 3540 358 3586 omues
375 3527 480 3606 partes
494 3520 535 3587 ad
548 3519 670 3605 aliquos
684 3519 895 3605 excipiendos,
913 3518 1080 3605 exquibus

58 3610 195 3682 hostium
216 3613 347 3682 consilia
368 3624 580 3702 cognosceret
629 3612 749 3699 equites
776 3611 882 3680 officio
907 3613 1007 3680 functi
1031 3636 1082 3680 re·

59 3708 199 3778 nuntiant
214 3731 333 3797 paucos
351 3709 385 3775 iu
401 3708 550 3781 aedificiis
568 3730 639 3776 esee
651 3708 805 3788 mventos,
823 3717 916 3794 atque
929 3707 998 3789 hos,
1016 3731 1081 3776 non

59 3804 109 3888 qui
126 3825 275 3892 agrorum
287 3803 488 3873 colendorum
502 3825 598 3870 causa
610 3801 835 3874 remansissent
846 3801 996 3888 (namque
1009 3825 1080 3872 esse

59 3899 194 3985 undique
212 3899 381 3988 diligenter
393 3899 625 3988 demigratum),
644 3897 703 3966 sed
717 3897 775 3985 qui
791 3898 984 3986 speculanda
991 3921 1100 3965 causa

59 4005 160 4064 essent
173 3996 306 4065 remissi,
349 4020 371 4064 a
387 3995 503 4085 quibus
522 4020 599 4069 cum
615 4005 789 4088 quaereret
800 3993 945 4074 Caesa,
961 3989 1125 4077 (ΨῦΧωῦ
