2414 4336
353 240 647 301 courcero-se.
969 229 1013 302 tt

13 367 219 453 meratimque
241 366 467 433 constituerunt
487 364 616 454 paribus
641 366 826 447 intervallis,
852 365 1010 448 Harudes,

13 461 222 540 areomanos,
245 459 411 538 Tribooes,
433 459 632 548 Vangiones,
654 459 817 540 Nemetes,
846 457 1010 540 Sedusios,

13 557 131 636 nebos,
155 577 341 643 omnemque
363 555 464 622 aciem
485 578 576 622 suam
602 556 686 622 redis
710 565 741 621 et
763 555 858 622 carris
880 554 1013 621 circum-

12 652 149 730 sdenmt,
165 671 207 716 ne
223 672 288 736 qua
305 671 378 736 spes
395 650 429 714 in
445 649 525 737 fuga
541 649 775 734 relinqueretur.
811 671 850 716 eo
866 648 1012 716 mulieres

12 755 216 834 oposuerunt,
239 745 370 830 quaein
386 744 542 831 proelium
558 744 791 832 proficiscentes
808 743 923 810 milites
939 765 1013 831 pas-

12 861 35 907 ι
50 839 194 907 manibus
211 838 322 906 flentes
339 838 562 925 implorabant,
584 861 624 906 ne
643 862 678 906 se
694 840 729 904 in
750 840 931 905 servitutem
947 837 1013 904 Ro·

12 936 85 1003 bnis
103 935 271 1002 traderent.
317 932 436 1001 Caesar
457 935 589 1022 singulis
612 934 787 1021 legionibus
810 934 952 1022 singulos
968 932 1014 999 le-
1030 953 1063 1004 os

12 1018 78 1103 btos
93 1039 126 1097 et
144 1038 343 1116 quaestorem
358 1028 518 1115 praefecit,
537 1029 583 1095 uti
601 1051 655 1095 eos
674 1038 770 1096 testes
789 1051 865 1096 suae
879 1028 1013 1115 quisque

12 1106 109 1193 tuus
132 1123 277 1204 haberet3
302 1124 372 1211 ipse
394 1146 414 1190 a
436 1124 546 1191 denuo
564 1145 675 1202 cornu,
702 1125 787 1209 quod
804 1147 875 1190 eam
891 1134 1012 1211 partem

11 1212 112 1297 'inimo
138 1217 263 1284 firmum
288 1217 425 1284 hostium
451 1238 523 1284 esse
553 1218 828 1297 animadverterat,
859 1217 1014 1304 proelium

11 1302 152 1477 mit.
182 1312 228 1378 ita
243 1312 342 1379 nostri
359 1312 471 1378 uenter
486 1311 520 1377 in
536 1311 645 1379 hostes
662 1313 753 1400 signo
771 1313 844 1378 dato
861 1312 1014 1399 impetum

115 1415 143 1486 t,
169 1405 276 1491 itaque
292 1406 400 1472 hostes
416 1415 546 1493 repente
564 1407 766 1491 celeriterque
782 1413 1013 1492 procurrerunt,

11 1486 175 1588 lepatium
191 1499 256 1586 pila
271 1500 305 1566 in
321 1500 429 1567 hostes
448 1500 621 1567 coniciendi
638 1523 702 1568 non
720 1502 854 1566 daretur.
889 1498 1013 1565 reiectis

11 1582 66 1674 tis,
84 1594 261 1661 comminus
277 1594 391 1681 gladiis
409 1604 585 1682 pugnatum
601 1604 659 1662 est.
704 1605 736 1662 at
755 1592 915 1673 Germani,
934 1592 1015 1659 cele-

12 1682 59 1754 ler
75 1712 116 1755 ex
133 1687 360 1756 consuetudine
378 1711 437 1754 sua
456 1688 615 1777 phalange
637 1689 722 1756 facta
738 1689 874 1776 impetus
892 1686 1014 1776 gladio·

11 1772 53 1850 lm
75 1792 277 1872 exceperunt.
324 1783 440 1871 reperti
463 1795 535 1850 sunt
561 1783 737 1871 complures
764 1783 862 1850 nostri
887 1783 1012 1863 milites,

10 1852 87 1944 liin
104 1877 281 1966 phalangas
298 1877 452 1944 insilirent
469 1887 501 1944 et
519 1888 609 1944 scuta
625 1878 771 1945 manibus
784 1878 969 1945 revellerent
983 1887 1014 1941 et

10 1942 24 2030 l
39 1994 159 2061 supero
175 1971 383 2038 vulnerarent.
410 1994 483 2038 eum
496 1972 634 2039 hostium
647 1974 730 2040 ecies
745 1996 765 2039 a
778 1972 904 2039 sinistro
917 1993 1014 2038 cornu

10 2059 74 2134 tlsa
93 2076 189 2153 atque
205 2066 239 2132 in
251 2066 362 2154 fugam
377 2087 529 2133 conversa
542 2077 635 2147 esset,
653 2091 673 2134 a
686 2068 796 2134 dextro
809 2089 906 2134 cornu
919 2066 1014 2132 vehe-

10 2172 106 2228 enter
122 2161 320 2227 multitudine
338 2183 468 2228 suorum
484 2171 623 2229 nostram
641 2163 741 2229 aciem
757 2161 949 2249 premebant.
980 2161 1014 2226 id

10 2272 53 2322 un
67 2255 344 2322 animadvertisset
351 2255 485 2322 Publius
496 2255 632 2324 Crassus
647 2257 841 2335 adulescens,
859 2257 914 2340 qui
927 2256 1014 2340 equi-

9 2351 58 2417 tui
81 2360 243 2439 praeerat,
269 2352 355 2436 quod
376 2351 551 2439 expeditior
573 2361 639 2418 erat
664 2374 760 2437 quam
781 2351 829 2430 hi,
857 2351 911 2437 qui
932 2351 1014 2416 inter

9 2439 84 2513 lem
116 2445 335 2525 versabantur,
369 2447 492 2513 tertiam
523 2447 624 2513 aciem
652 2445 867 2513 laborantibus
897 2445 1013 2511 nostris

9 2535 128 2609 bsidio
146 2539 240 2606 misit
283 2540 328 2605 ita
343 2540 497 2626 proelium
514 2541 693 2608 restitutum
711 2550 773 2621 est,
791 2550 885 2626 atque
904 2561 1012 2607 omnes
1031 2560 1063 2610 se

9 2645 92 2702 »stes
118 2643 208 2722 terga
237 2643 395 2700 verterunt
423 2657 526 2721 neque
555 2636 644 2723 prius
675 2635 786 2723 fugere
816 2634 1012 2713 destiterunt,

9 2749 78 2798 tam
97 2727 141 2794 ad
160 2728 278 2795 flumen
294 2728 442 2795 Rhenum
464 2729 551 2796 milia
571 2751 725 2817 passuum
746 2750 786 2795 ex
808 2750 846 2797 eo
866 2728 937 2796 loco
955 2728 1014 2794 cir·

9 2845 58 2890 :er
77 2821 218 2908 quinque
235 2834 452 2911 pervenerunt.
497 2823 542 2889 ibi
563 2824 712 2911 perpauci
729 2833 784 2890 aut
801 2821 921 2890 viribus
940 2845 1014 2889 con·

8 2921 31 2984 ti
48 2927 176 2983 tranare
193 2918 418 2984 contenderunt
435 2927 489 2984 aut
501 2917 646 2985 lintribus
658 2919 793 2985 inventis
808 2918 869 2986 eibi
881 2918 1014 2986 salutem

8 3021 175 3100 perenmt
218 3013 252 3079 in
269 3013 319 3079 his
336 3012 397 3078 fuit
413 3011 610 3093 Ariovistus,
628 3013 683 3098 qui
699 3013 877 3080 naviculam
895 3014 1014 3102 deliga-

8 3128 47 3172 m
66 3106 110 3172 ad
126 3106 226 3194 ripam
242 3117 354 3174 nactus
377 3129 415 3173 aa
431 3107 585 3195 profugit:
611 3107 748 3192 reliquos
771 3130 880 3175 omnes
904 3130 1013 3173 conse-

8 3201 48 3267 rti
70 3199 192 3285 equites
213 3202 313 3268 nostri
333 3201 564 3268 interfecerunt.
609 3202 691 3268 duee
712 3202 839 3269 fuerunt
860 3199 1014 3267 Ariovisti

8 3315 116 3372 rores,
147 3316 211 3361 una
228 3291 338 3364 Sueba
354 3296 494 3374 natione,
521 3318 617 3381 quam
634 3297 728 3363 domo
746 3318 854 3363 secum
871 3295 1012 3374 duxerat,

8 3388 84 3454 ltera
100 3386 225 3469 Norica,
243 3390 328 3477 regis
336 3389 506 3456 Voccionis
525 3412 622 3468 soror,
641 3412 736 3475 quam
748 3391 783 3456 in
797 3387 902 3456 Gallia
915 3389 1013 3456 duxe-

8 3491 34 3548 st
51 3505 72 3548 a
87 3481 185 3549 fratre
202 3483 346 3551 missam:
364 3493 514 3569 utraeque
530 3484 565 3549 in
582 3507 620 3550 ea
637 3484 715 3570 fuga
731 3483 899 3569 perierunt.
932 3485 1013 3551 duae

7 3575 68 3644 Eae
84 3577 208 3658 harum,
226 3579 324 3645 altera
341 3579 454 3658 occisa,
473 3578 571 3645 altera
589 3589 680 3664 capta
697 3587 754 3643 eet.
800 3574 900 3646 Gaius
918 3579 1015 3647 Vale·

7 3670 53 3739 ius
72 3671 245 3752 Procillus,
272 3695 345 3740 cum
372 3697 392 3740 a
417 3673 600 3740 custodibus
627 3673 661 3736 in
681 3671 760 3760 fuga
780 3674 869 3740 trinis
895 3674 1012 3740 catenis

7 3764 110 3834 laetus
137 3767 323 3847 traheretur,
354 3769 387 3835 in
412 3768 518 3855 ipsum
546 3766 717 3834 Caesarem
747 3768 847 3836 hostis
874 3769 1013 3854 equitatu

7 3870 227 3946 exsequentem
244 3861 361 3928 incidit.
394 3884 474 3948 quae
492 3862 620 3947 quidem
632 3884 682 3928 res
697 3861 827 3930 Caesari
838 3886 901 3928 non
914 3864 1014 3932 mino-

7 3974 55 4021 em
70 3976 167 4040 quam
183 3955 254 4044 ipsa
270 3957 401 4024 victoria
417 3958 610 4044 voluptatem
627 3957 739 4039 attulit,
757 3958 842 4044 quod
854 3957 1018 4026 hominem

6 4050 237 4116 aamtissimum
258 4052 445 4136 provinciae
473 4050 615 4138 Galliae,
648 4078 747 4124 suum
774 4053 977 4123 iamdnarem
1002 4059 1039 4118 at
