2414 4336
149 232 193 300 44
466 240 520 297 DE
537 239 665 298 BELLO
685 237 853 299 albuco
948 245 952 253 '

148 370 321 436 timendum
339 367 586 445 existimaverat,
609 366 739 433 coneilio
757 365 898 432 celeriter
915 376 1098 435 convocato
1113 388 1168 435 su-

148 464 260 532 tentias
278 463 439 548 exquirere
457 461 568 548 coepit
609 462 722 546 quoin
740 461 878 540 consilio,
898 484 976 529 cum
994 471 1121 529 tantum
1133 485 1170 531 re·

147 559 265 646 pentini
281 556 412 644 periculi
423 565 546 642 praeter
559 555 737 642 opinionem
750 555 926 636 accidisset,
944 578 988 623 ao
999 555 1069 623 iam
1080 557 1170 627 oms&

147 653 214 719 fere
231 651 392 738 superiora
408 649 478 716 loca
499 649 696 715 multitudine
714 658 904 716 armatomm
926 651 1094 738 completa
1109 672 1168 719 con·

149 747 353 834 spicerentur‚
371 766 474 829 neque
492 743 633 810 subsidio
649 743 750 809 veniri
765 765 869 829 neque
885 754 1092 813 commeatus
1109 766 1168 833 sup·

146 841 263 931 portari
278 839 456 906 interclusis
473 838 637 905 itineribus
653 848 795 925 possent,
811 861 911 926 prope
926 840 997 907 iam
1014 842 1168 928 despera

148 936 248 1004 salute
264 933 432 1000 nonnullae
448 932 629 1001 huiusmodi
647 933 818 999 sententiae
840 933 1048 1015 dicebantur,
1073 933 1171 1002 utin·
1206 977 1207 1006 ;

147 1028 334 1118 pedimentis
351 1028 467 1094 relictis
485 1028 647 1113 eruptione
669 1027 755 1094 facte
776 1027 879 1094 isdem
898 1028 1090 1109 itineribus,
1114 1028 1168 1117 qui·
1206 1017 1207 1042 ¹

147 1125 207 1192 bus
234 1146 272 1189 eo
297 1122 528 1209 pervenissent,
555 1121 598 1186 ad
623 1120 757 1188 salutem
782 1123 1020 1191 contenderent.
1074 1122 1170 1191 moirti
1206 1195 1207 1214 Σ

147 1229 252 1285 tamen
268 1217 350 1304 parti
365 1216 496 1302 placuit,
524 1216 585 1281 hoo
605 1226 765 1282 reservato
787 1217 829 1282 ad
849 1225 1033 1285 amomum
1050 1217 1167 1286 consilio
1206 1219 1207 1296 l

112 1314 270 1385 ainterim
290 1311 337 1377 rei
359 1319 506 1376 eventum
528 1310 661 1396 experiri
683 1320 714 1376 et
736 1320 839 1377 castra
858 1310 1047 1379 defendere.
1095 1310 1169 1381 breui

147 1409 247 1496 spatio
260 1405 430 1484 interiecto,
450 1405 504 1470 vix
517 1404 615 1470 uthis
628 1404 733 1484 rebus,
752 1428 831 1490 quas
845 1407 1101 1487 constituissent,
1116 1406 1168 1475 col·

146 1504 286 1570 locandis
304 1512 397 1587 atque
419 1501 673 1567 administrandis
695 1511 820 1588 tempus
842 1501 982 1581 daretur,
1010 1501 1125 1570 hostes
1137 1522 1170 1569 ex

148 1597 293 1665 omnibus
310 1595 450 1684 partibus
469 1596 560 1683 signo
578 1596 652 1662 dato
669 1597 848 1674 decurrere,
874 1595 998 1682 lapides
1018 1616 1170 1685 pasqua

146 1693 181 1758 in
197 1691 315 1757 vallum
332 1690 483 1756 conicere.
527 1690 626 1756 nostri
642 1689 743 1776 primo
759 1689 890 1777 integris
911 1688 1038 1758 viribus
1061 1690 1171 1757 fortiter

147 1806 321 1874 repugnare
341 1805 443 1869 neque
464 1783 563 1849 ullum
584 1783 703 1850 frustra
727 1783 825 1850 telum
851 1805 892 1849 ex
916 1783 987 1850 loco
1016 1784 1170 1872 superius

147 1881 283 1958 mittere,
310 1887 345 1943 ut
366 1899 509 1962 quaeque
529 1900 603 1964 pars
622 1888 795 1944 oosuorum
812 1878 930 1944 nudata
951 1877 1170 1947 defensoribus

147 1974 246 2061 premi
264 1971 441 2050 videbatur,
464 1994 501 2038 eo
519 1994 682 2038 occurrere
699 1982 731 2038 et
749 1972 900 2038 auxilium
916 1971 1019 2052 fene,
1043 1974 1105 2041 sed
1119 1974 1172 2041 loc

149 2069 302 2156 superari,
328 2068 413 2153 quod
430 2068 632 2134 diuturnitate
649 2090 775 2156 pugnae
792 2066 900 2134 hostes
918 2068 1045 2137 defessi
1060 2068 1173 2158 proelio

147 2164 353 2242 excedebant,
371 2163 425 2230 alii
440 2163 570 2252 integris
588 2163 706 2230 viribus
725 2163 949 2244 succedebant,
970 2186 1116 2250 quarum
1130 2188 1173 2233 re·

146 2282 216 2326 rum
241 2283 261 2324 a
281 2258 396 2324 nostris
416 2268 544 2346 propter
563 2259 752 2346 paucitatem
777 2258 846 2324 fieri
870 2258 949 2324 nibil
972 2270 1120 2347 poterut,
1143 2280 1174 2327 st

146 2376 210 2420 non
234 2354 329 2419 modo
354 2353 480 2420 defesso
508 2375 548 2419 ex
573 2376 682 2441 pugna
707 2354 893 2433 excedendi,
920 2354 977 2420 sed
1004 2378 1050 2423 ne
1071 2355 1173 2424 saucio

147 2449 273 2534 quidem
290 2448 358 2512 eius
375 2449 449 2526 loci,
468 2449 523 2514 ubi
541 2449 736 2529 constiterat,
758 2448 955 2534 relinquendi
971 2471 1014 2516 ac
1032 2452 1087 2517 eui
1102 2450 1174 2519 reti·

114 2565 129 2613 o
146 2543 252 2631 piendi
268 2541 400 2608 facultas
419 2541 560 2608 dabatur.
597 2566 669 2610 cum
685 2544 749 2610 iam
766 2544 901 2630 amplius
919 2541 1009 2610 horis
1029 2566 1091 2611 sex
1106 2566 1173 2613 cou-

147 2638 280 2703 tinenter
299 2646 505 2724 pugnaretur,
530 2661 568 2704 ac
588 2661 653 2704 non
674 2637 777 2704 solum
793 2638 892 2717 vires,
919 2637 977 2704 sed
994 2638 1097 2705 etiem
1117 2636 1173 2705 tob
1206 2683 1207 2686 =

146 2741 270 2798 nostros
288 2731 454 2798 deficerent
471 2741 565 2818 atque
583 2734 689 2800 hostes
707 2735 809 2800 acrius
827 2734 978 2800 instarent
996 2733 1171 2823 languidio-

146 2826 296 2910 ribusque
312 2825 427 2892 nostris
445 2826 563 2893 vallum
586 2828 728 2894 scindere
750 2838 782 2894 et
798 2827 902 2894 fossas
924 2828 1090 2915 complere
1107 2848 1171 2896 cce·

145 2921 280 3009 pissent,
306 2941 418 3005 resque
436 2931 520 2987 esset
540 2922 604 2987 iam
622 2923 662 2987 ad
684 2932 857 2988 extremum
878 2921 1034 3008 perducta
1054 2944 1168 2999 casum

145 3016 279 3083 Publius
299 3012 426 3082 Sextius
444 3015 598 3095 Baculus,
621 3017 677 3104 pili
694 3019 786 3104 primi
803 3016 957 3094 centurio,
979 3038 1081 3102 quem
1096 3016 1167 3084 Ner·

146 3113 215 3178 vico
236 3111 355 3198 proelio
377 3110 589 3197 compluribus
612 3111 791 3177 consectum
816 3109 999 3176 vulneribus
1022 3111 1164 3188 diximus,

146 3216 177 3271 et
192 3207 268 3271 item
288 3202 388 3272 Gaius
406 3203 596 3284 Volusenus,
615 3205 757 3272 tribunus
775 3205 918 3282 militum,
935 3204 985 3270 vir
1002 3214 1036 3270 et
1052 3202 1165 3272 consilli

146 3301 254 3387 magni
271 3310 302 3366 et
318 3299 456 3378 virtutis,
475 3301 517 3364 ad
535 3297 672 3366 Galbam
689 3302 857 3365 adcurrunt
874 3308 967 3382 atque
986 3321 1086 3365 unam
1103 3318 1164 3365 esse

147 3415 236 3479 spem
258 3393 366 3459 salutis
389 3394 515 3472 docent,
544 3395 571 3460 si
597 3394 757 3480 eruptione
778 3393 863 3458 facta
884 3400 1063 3459 extremum
1085 3390 1164 3460 auxi·

145 3487 223 3552 lium
240 3488 460 3573 experirentur.
504 3489 610 3572 itaque
632 3488 810 3553 convocatis
833 3485 1071 3554 centurionibus
1092 3485 1164 3553 cele·

144 3582 218 3648 riter
235 3580 349 3646 milites
368 3583 514 3648 certiores
533 3583 622 3661 facit,
649 3581 808 3668 paulisper
824 3580 1066 3647 intermitterent
1082 3601 1164 3669 prus·

144 3676 221 3741 lium
235 3697 272 3741 ac
285 3677 501 3742 tantummodo
515 3677 577 3742 tela
593 3677 692 3741 missa
707 3677 885 3762 exciperent
898 3696 995 3759 seque
1009 3696 1052 3741 ex
1065 3674 1164 3741 labore

144 3771 318 3850 reficerent,
345 3781 418 3858 post
440 3772 512 3838 dato
536 3773 626 3859 signo
649 3794 689 3836 ex
714 3771 825 3837 castris
852 3778 1052 3855 erumperent
1078 3779 1164 3855 utque

112 3887 127 3936 6
146 3887 270 3931 omnem
288 3888 377 3953 spem
395 3866 504 3934 salutis
521 3867 555 3932 in
572 3868 686 3932 virtute
702 3875 863 3952 ponerent.
890 3864 975 3949 quod
992 3864 1077 3931 iussi
1089 3872 1164 3943 sunl,

137 3959 261 4025 faciunt
280 3983 320 4028 ac
342 3961 447 4029 subito
474 3960 621 4029 omnibus
645 3962 745 4048 portis
770 3961 931 4045 eruptione
957 3958 1045 4025 facta
1070 3976 1165 4044 neque

123 4059 360 4145 cognoscendi,
391 4059 472 4148 quid
498 4059 606 4140 fieret,
637 4077 744 4143 neque
770 4054 824 4120 sui
847 4051 1018 4137 oollrgeuds
1028 4052 1174 4117 bosdra
