2414 4336
155 117 198 185 88
473 127 527 184 DE
544 125 672 184 BELLO
692 124 862 184 GALLICO

154 251 194 321 ab
212 253 262 320 his
279 249 485 331 docebantur3
512 253 569 318 sed
585 252 671 318 nulla
688 249 951 318 ferramentorum
973 250 1073 340 eopia,
1098 285 1101 311 ι
1187 324 1194 332 Ι

155 358 239 416 esset
263 348 305 414 ad
329 347 413 413 hunc
439 369 532 412 usum
557 347 684 425 idonea,
715 344 830 432 gladiis
856 345 998 432 cespites
1040 347 1048 362 ⁸
1086 376 1112 403 ιιι

155 442 241 520 dere,
276 440 422 508 manibus
450 440 630 528 sagulisque
656 449 770 505 terram
796 439 966 506 exhaurire
995 439 1117 508 ιιίιιιιιι

154 557 217 621 qua
241 536 368 621 quidem
394 558 434 601 ex
455 557 489 601 re
510 533 673 600 hominum
696 534 862 600 multitudo
890 535 1110 622 cognoscin·

153 654 227 697 nam
244 632 347 697 minus
364 630 449 696 horis
467 629 566 697 tribus
588 631 710 695 milium
731 653 883 716 passuum
904 628 1010 696 XV
999 632 1077 697 ma'

153 725 358 791 munitionem
374 724 585 811 perfecerunt,
611 724 802 808 reliquisque
825 724 938 791 diebus
957 734 1059 791 turres
1077 724 1111 792 ad

155 819 319 886 titudinem
344 818 432 897 valli,
461 818 558 884 falces
581 819 830 902 testudinesque,
856 840 939 904 quas
961 819 1114 886 idema

104 934 136 984 43
155 915 333 990 docuerant,
352 933 461 999 parare
480 912 639 978 sefacere
657 922 835 999 coeperrmt
867 915 1006 1000 septimo
1022 936 1131 1067 oppvp

154 1009 246 1074 tionis
265 1007 315 1072 die
333 1007 470 1072 maximo
489 1016 595 1072 coorto
612 1016 706 1073 vento
723 1007 880 1073 ferventes
904 1007 996 1074 fusili
1017 1030 1079 1074 ex

155 1101 286 1188 glandes
308 1099 470 1166 fimdiset
457 1097 662 1167 tfervelacta
682 1100 815 1167 iacula
806 1124 839 1166 m
861 1122 970 1181 casas,
998 1045 1121 1187 quael

157 1195 336 1264 Gallioost
323 1196 484 1262 tramentis
512 1204 600 1261 erant
625 1203 738 1274 tectae,
765 1197 866 1262 iacere
894 1207 1123 1283 coeperunt

155 1290 321 1358 celeriter'
311 1312 418 1378 rgnem
436 1289 738 1376 comprehenderunt
759 1300 791 1355 et
807 1291 895 1356 venti
915 1291 1159 1379 magnibrdint

155 1409 280 1454 onmem
298 1395 471 1452 castrorum
486 1384 592 1451 locum
609 1385 805 1451 distulerunt
841 1385 914 1452 host
900 1394 950 1452 tes
969 1386 1114 1452 maximo

155 1504 241 1548 more
260 1481 352 1547 sicuti
368 1480 478 1567 parta
468 1503 532 1546 ram
546 1489 639 1565 atque
653 1481 814 1566 explorata
826 1479 959 1547 victoria
972 1489 1122 1546 turres

155 1577 306 1661 dinesque
324 1585 467 1663 agereet
454 1576 576 1642 tscalis
599 1575 716 1641 vallum
734 1575 903 1641 ascendere
925 1582 1167 1687 coeperunt.

155 1680 241 1738 tanta
266 1671 400 1735 militum
421 1671 519 1736 virtus
542 1680 636 1754 atque
658 1692 696 1736 ea
717 1669 896 1757 praesentia
916 1670 1016 1736 animi
1035 1668 1130 1748 fnit,

156 1787 228 1831 cum
245 1765 383 1850 undique
400 1764 555 1830 flammat
542 1773 693 1831 ttorreren
693 1787 731 1830 ur
742 1765 942 1849 maximaque
956 1763 1138 1830 teloruma

156 1860 286 1927 trtudine
311 1869 527 1946 premerentur
553 1881 672 1944 suaque
702 1859 808 1925 omnia
836 1859 1061 1944 impedimenta
1103 1885 1114 1912 ι
1192 1919 1196 1933 Δ

156 1977 264 2020 omnes
286 1953 427 2019 fortunas
450 1953 641 2042 conflagrare
662 1953 892 2040 intellegerent,
918 1974 984 2019 non
1005 1951 1093 2018 modo
1116 1980 1139 2005 ι-
1163 1945 1207 2034 Ι;

155 2050 310 2138 migrandi
332 2071 428 2116 causa
450 2050 488 2115 de
510 2049 593 2115 vallo
615 2050 777 2115 decederet
804 2069 910 2127 nemo,
940 2048 998 2114 sed
1018 2067 1108 2134 paene
1128 2088 1130 2093 ι
1170 2023 1207 2128 q

154 2145 324 2255 respiceret
340 2145 468 2229 quidem
486 2144 660 2228 quisquam,
680 2166 717 2210 ιο
734 2152 802 2209 tum
819 2165 929 2209 omnes
948 2143 1100 2254 acerrime
1114 2171 1125 2197 ιι
1136 2188 1139 2194 ι
1177 2195 1186 2214 .

155 2239 336 2325 tissimeque
354 2247 538 2326 pugnarent.
517 2238 625 2304 thic
643 2237 710 2303 dies
727 2238 843 2304 nostris
860 2236 956 2326 longe
972 2237 1101 2347 gnav'n·

155 2334 229 2414 fuit3
248 2334 305 2401 sed
322 2342 427 2398 tamen
444 2331 528 2398 hunc
544 2331 655 2398 habuit
672 2340 827 2411 eventum,
845 2341 881 2398 ut
898 2353 936 2398 eo
955 2332 1067 2398 die

155 2383 293 2494 hostium
309 2449 458 2493 numerus
479 2427 656 2492 vulneraret
643 2435 693 2492 tur
715 2436 808 2512 atque
828 2426 1067 2506 interficeretur,
1087 2360 1159 2492 ui

156 2520 250 2588 sub
240 2543 311 2608 rpso
333 2520 415 2587 vallo
437 2521 687 2607 constipaverant
704 2543 925 2606 recessumque
946 2518 1121 2607 primis·
1134 2490 1207 2590 M]

154 2638 219 2682 nou
236 2616 361 2683 dabant.
404 2615 534 2723 paulum
555 2616 682 2701 quidem
702 2616 879 2683 intermissa
900 2615 1030 2681 flamma
1051 2623 1082 2682 et
1099 2548 1159 2699 (ple
1194 2574 1207 2659 i

155 2710 229 2774 dam
250 2709 353 2776 locot
340 2709 418 2774 turri
438 2710 550 2775 adacta
571 2720 602 2775 et
624 2709 823 2797 contingente
848 2709 967 2775 vallum
992 2708 1103 2775 tertiae
1123 2724 1161 2773 oo
1197 2695 1207 2755 l

154 2801 252 2869 hortis
279 2804 475 2869 centuriones
503 2825 542 2868 ex
564 2824 615 2882 eo,
642 2825 705 2887 quo
728 2803 865 2881 stabant,
891 2802 963 2869 loco
983 2791 1207 2869 recesseruul

156 2918 292 2982 suosque
314 2919 423 2964 omnes
444 2905 656 2976 removenmt,
683 2907 761 2963 nutu
786 2897 981 2981 vocibusque
1002 2890 1171 2976 Ιιοιιιι,ιὶ

154 2992 281 3058 introire
298 2993 422 3072 vellent,
440 3015 552 3059 vocare
571 3002 754 3078 coeperunt3
771 3015 904 3077 quorum
920 2992 1074 3080 progredi
1084 3010 1167 3059 ausu

155 3096 204 3153 est
224 3110 326 3154 nemo.
370 3098 496 3154 tumen
518 3088 603 3154 omni
624 3095 712 3173 parte
733 3086 889 3174 lapidibus
909 3086 1062 3154 coniectis
1078 3087 1169 3153 detor·

105 3201 138 3249 44
156 3182 221 3249 bati
243 3184 398 3269 turrisque
422 3205 574 3250 succensa
596 3192 653 3249 est.
697 3193 785 3247 erant
810 3183 843 3247 in
870 3203 907 3247 ea
928 3180 1057 3269 legione
1076 3181 1172 3249 fortis-

156 3276 227 3341 simi
252 3277 325 3356 viri,
357 3278 568 3356 centuriones,
599 3277 654 3361 qui
684 3277 792 3362 primis
823 3274 984 3340 ordinibus
1012 3274 1173 3364 appropin-

156 3380 298 3452 quarent,
326 3370 419 3438 Titus
440 3371 534 3437 Pulio
557 3380 588 3437 et
609 3370 730 3435 Lucius
752 3368 908 3436 Vorenus.
956 3367 991 3433 hi
1012 3378 1173 3457 perpetuas

155 3461 236 3528 inter
270 3486 303 3529 se
334 3465 562 3533 controversias
592 3463 763 3542 habebant,
799 3463 927 3548 quinam
963 3463 1172 3541 anteferretur,

157 3556 362 3642 omnibusque
393 3561 483 3627 annis
515 3562 554 3626 de
588 3558 665 3626 locis
698 3559 829 3625 summis
864 3555 1080 3626 simidtatibus
1111 3580 1174 3626 oon·

157 3650 333 3718 tendebant
378 3675 418 3719 ex
443 3655 493 3722 his
516 3655 622 3734 Polio,
650 3675 721 3719 cum
748 3651 896 3718 acerrime
922 3651 964 3716 ad
989 3653 1172 3721 munitiora

155 3757 359 3833 pugnaretur,
388 3751 478 3833 ‘quid
500 3749 648 3829 dubitas,’
683 3749 798 3834 inquit,
822 3746 981 3813 ‘Vorenei
1012 3759 1070 3815 aut
1086 3770 1171 3835 quem

155 3839 261 3906 locum
285 3842 466 3929 probandae
496 3845 618 3912 virtutis
648 3851 722 3909 tuae
748 3841 932 3929 exspectas?
964 3842 1019 3909 hic
1046 3844 1115 3913 dies
1138 3842 1171 3908 do

156 3933 272 4006 nostris
285 3937 502 4004 controversiis
516 3939 673 4005 indicabit.
700 3937 778 4004 haec
792 3960 864 4003 cum
877 3934 1022 4017 dixisset,
1041 3935 1171 4026 procedit
1206 3968 1207 3994 2
