2414 4336
153 277 197 347 50
472 291 670 350 causano
690 288 860 349 esuurco

151 426 258 506 portas
289 415 467 483 clauserunt
498 438 595 503 seque
624 438 697 485 enm
726 414 909 482 Viridovice
942 414 1057 482 conium

152 533 330 600 magnaque
347 521 509 598 praeterea
525 511 692 578 multitudo
709 510 848 596 undique
866 531 908 576 ex
924 505 1057 597 Gallia}

151 629 223 673 rum
245 603 408 673 hominum
428 606 645 692 latronumque
667 613 869 684 convenerat,
892 625 976 691 quos
1000 626 1057 693 spe

152 701 248 768 dandi
275 702 475 786 studiumque
505 701 644 769 bellandi
674 701 714 768 ab
746 699 940 790 agricultura
970 709 1003 766 et
1028 721 1057 767 os

151 795 258 863 labore
283 795 459 862 revocabat
509 794 648 864 Sabinus
673 796 787 863 idoneo
814 792 965 862 omnibus
991 792 1057 861 rebr

152 890 262 957 castris
280 912 351 957 sese
368 890 503 970 tenebat,
522 913 596 957 cunr
603 890 770 958 Viridovix
787 899 898 957 eontra
916 912 993 956 eum
1010 888 1057 955 dur

151 984 230 1052 lium
255 986 356 1072 spatio
382 986 576 1052 consedisset
603 987 777 1072 cotidieque
802 985 969 1073 productis
1002 1006 1057 1072 cop

151 1080 270 1168 gnandi
286 1087 473 1167 potestatem
490 1080 621 1161 faceret,
648 1089 683 1146 ut
699 1080 764 1147 iam
780 1103 845 1146 non
862 1079 971 1147 solum
989 1079 1057 1146 host

153 1176 415 1263 contemptionem
433 1171 571 1242 Sabinus
589 1174 719 1254 veniret,
739 1174 910 1241 sedetiam
927 1183 1057 1242 nostros

152 1267 243 1336 litum
263 1269 394 1336 vocibus
416 1269 557 1336 nonnihil
578 1278 769 1358 carperetur3
796 1277 983 1354 tantmque
1005 1268 1057 1356 opi

152 1363 270 1430 timoris
288 1363 440 1450 praebuit,
458 1364 573 1430 utiam
590 1364 632 1430 ad
648 1363 766 1430 vallum
784 1370 959 1429 castrorum
971 1362 1057 1428 hoste

152 1458 225 1524 dere
243 1458 401 1525 auderent
445 1458 479 1524 id
496 1480 534 1525 ea
551 1459 590 1524 de
608 1479 705 1524 eausa
721 1456 870 1537 faciebat,
898 1456 990 1542 quod
1007 1476 1057 1523 eun

152 1551 348 1618 multitudine
365 1551 512 1631 hostium,
530 1552 714 1639 praesertim
731 1573 770 1618 eo
787 1549 932 1630 absente,
951 1550 1010 1637 qui
1027 1572 1057 1618 su

152 1645 275 1732 imperii
291 1655 424 1726 teneret,
446 1646 508 1712 nisi
529 1668 631 1732 aequo
652 1646 722 1713 loco
744 1653 799 1711 aut
819 1645 1053 1732 opportsmitate

105 1758 136 1809 18
153 1740 227 1806 data
243 1740 348 1828 legato
366 1741 577 1807 dimicandum
593 1763 658 1808 non
675 1738 883 1808 existimabat
919 1739 984 1807 hac
1001 1762 1057 1807 con

152 1835 297 1921 opinione
314 1835 434 1900 timoris
451 1835 600 1902 idoneum
621 1835 779 1921 quendam
799 1832 964 1901 hominem
986 1843 1018 1901 et
1034 1856 1057 1900 er

152 1929 276 2016 delegit,
296 1925 433 2007 Gallum,
452 1951 492 1994 ex
508 1930 557 2009 iis,
576 1951 656 2016 quos
674 1929 782 1996 auxilii
799 1951 896 1996 causa
909 1929 1057 1995 sceumb

151 2022 225 2089 huic
246 2024 369 2111 magnis
389 2022 536 2111 praemiis
561 2023 899 2110 pollicitationibusque
919 2023 1057 2111 persuad

153 2117 194 2184 ad
210 2116 317 2184 hostes
336 2126 472 2184 trauseat
489 2127 534 2197 et,
552 2118 607 2203 qui
624 2118 691 2184 fieri
708 2119 792 2198 velit,
812 2118 931 2184 edocet.
980 2119 1057 2204 quii

151 2212 286 2300 perfuga
302 2212 343 2277 ad
361 2234 415 2278 eos
433 2211 528 2291 venit,
546 2212 689 2279 timorem
702 2213 917 2280 Romanorum
934 2234 1057 2300 propon

151 2307 212 2374 bus
230 2308 382 2396 angustiis
399 2307 468 2394 ipse
487 2305 607 2375 Caesar
623 2331 642 2374 a
659 2307 790 2375 Venetis
807 2316 985 2395 prematur,
1004 2308 1057 2375 dot

151 2423 213 2486 que
229 2401 353 2490 longius
372 2403 498 2483 abesse,
517 2403 594 2489 quin
609 2403 752 2490 proxima
769 2410 860 2468 nocte
880 2397 1025 2469 Sabinus
1044 2425 1057 2468 e

152 2497 261 2561 eastris
284 2496 454 2562 exercitum
476 2497 588 2563 educat
610 2496 704 2563 etad
726 2495 896 2562 Caesarem
921 2496 1037 2562 auxilii

152 2610 248 2654 causa
268 2589 492 2676 proficiscatur.
536 2591 621 2676 quod
642 2589 698 2656 ubi
724 2589 865 2656 auditum
892 2599 958 2669 est,
986 2612 1057 2656 con<

152 2705 260 2749 omnes
283 2684 480 2751 occasionem
501 2685 619 2774 negotii
641 2684 721 2751 bene
742 2684 873 2773 gerendi
891 2685 1057 2752 amittendi

152 2798 232 2854 esse,
251 2777 292 2842 ad
310 2788 412 2845 castra
428 2779 467 2844 iri
484 2789 635 2866 oportere.
671 2779 788 2845 multae
804 2801 855 2844 res
874 2778 998 2847 adhoc
1016 2803 1057 2847 co

153 2867 263 2938 Gallos
281 2872 499 2940 hortabantur:
526 2875 721 2960 superiorum
738 2874 860 2939 dierum
879 2870 996 2940 Sabini
1014 2897 1057 2941 cu

150 2964 302 3053 perfugae
329 2967 535 3046 confirmatio,
562 2968 667 3055 inopia
693 2966 894 3045 cibariorum,
922 2968 977 3034 cui
998 2969 1046 3036 rei

150 3059 316 3148 diligenter
341 3060 381 3127 ab
406 3061 446 3126 iis
473 3071 539 3128 erat
567 3062 742 3148 provisum,
774 3082 847 3148 apes
873 3058 1024 3129 Venetici
1048 3062 1057 3129 1

150 3155 235 3242 quod
251 3154 318 3221 fere
335 3155 467 3222 libenter
482 3156 624 3222 homines
642 3156 684 3234 id,
704 3156 789 3241 quod
805 3154 926 3234 volunt,
947 3158 1057 3223 oredur

149 3250 243 3318 rebus
270 3249 397 3317 adducti
422 3274 486 3316 non
510 3251 597 3337 prius
619 3249 833 3317 Viridovicem
858 3250 1057 3338 reliquosque

150 3365 190 3410 ex
208 3345 338 3411 concilio
356 3344 528 3423 dimittunt,
555 3367 650 3430 quam
668 3345 708 3411 ab
725 3346 775 3411 his
798 3346 839 3412 sit
860 3368 1057 3425 concessum¹

149 3442 195 3504 uti
213 3440 336 3526 capiant
353 3449 385 3507 et
401 3441 441 3506 ad
460 3449 562 3506 castra
579 3441 776 3506 contendant.
803 3463 867 3526 qua
880 3463 914 3509 re
928 3464 1057 3510 concess

150 3543 186 3598 ut
202 3534 361 3620 explorata
378 3535 516 3614 victoria,
535 3535 699 3601 sarmentis
717 3536 925 3624 virgultisque
943 3537 1057 3604 collect

150 3627 210 3694 bus
236 3627 340 3694 fossas
366 3629 582 3696 Romanorum
608 3630 797 3716 compleant,
833 3630 874 3696 ad
900 3641 1009 3698 castra
1034 3653 1057 3720 p

102 3746 131 3795 lo
149 3724 237 3790 loeus
264 3733 329 3789 erat
351 3734 523 3792 castrorum
546 3725 647 3792 editus
670 3734 701 3790 et
721 3725 872 3812 paulatim
895 3725 938 3793 ab
960 3727 1028 3794 imo
1052 3753 1057 3792 ι

150 3818 271 3884 circiter
287 3841 401 3906 passus
419 3820 514 3886 mille.
557 3819 620 3885 huo
636 3842 752 3906 magno
771 3843 865 3887 cursu
882 3823 1057 3889 contendet

150 3935 244 3998 quam
262 3915 426 3980 minimum
443 3917 537 4003 spatii
554 3916 595 3981 ad
613 3937 647 3981 se
660 3913 854 4003 colligendos
868 3917 1057 4004 armandoaq

136 4010 244 4076 manis
264 4010 408 4092 daretur,
436 4011 673 4097 exanimatique
686 4019 909 4098 pervenerunt,
944 4008 1057 4078 Sabim

123 4099 281 4177 licitatus
319 4108 534 4200 cupientibus
572 4108 707 4197 signum
741 4103 809 4170 dat.
854 4100 1057 4187 impeditis*
