2414 4336
324 205 441 263 ΟΟΜΜ.
459 207 497 264 Π.
514 209 616 265 9-12.
940 197 981 264 33

38 332 90 402 ”o
116 339 289 400 convocato
315 330 541 398 constituerunt
566 334 718 420 optimum
740 355 824 413 esse,
852 335 981 401 domum

47 506 50 511 ¹
72 449 229 516 quemque
249 427 364 493 reverti
381 435 426 507 et,
452 450 586 512 quorum
607 429 641 493 in
661 428 740 495 fines
761 429 899 515 primum
915 430 981 497 Ro-
1105 441 1108 447 ’

64 522 233 591 exerdtum
249 521 507 601 introduxissent,
530 523 571 588 ad
588 545 642 589 eos
660 523 875 591 defendendos
891 525 983 592 undi-

48 618 254 696 convenirent,
272 625 308 681 ut
323 614 428 703 potius
445 616 479 681 in
496 617 562 681 suis
580 638 674 702 quam
690 618 724 683 in
740 618 849 684 alienis
867 619 981 687 finibus

10 703 153 781 *urtnent
170 721 202 778 et
219 710 399 778 domesticis
412 710 509 797 copiis
522 713 568 778 rei
580 711 800 779 frumentariae
813 720 998 800 uterenturj

105 806 293 874 sententiam
310 828 383 872 cum
399 805 526 890 reliquis
545 807 648 873 causis
666 807 744 874 haec
761 830 885 893 quoque
903 811 982 876 ratio

10 985 14 996 μ
92 902 172 980 uxit,
191 901 276 986 quod
287 898 481 966 Divitiacum
499 908 592 984 atque
609 901 763 969 Haeduos
780 902 895 970 finibus
907 904 983 970 Bel-

64 1019 139 1064 rum
158 995 407 1084 adpropinquare
425 1006 644 1082 cognoverant.
670 996 721 1061 his
737 998 929 1083 persuaderi,
947 1008 982 1065 ut

79 1100 280 1159 morarentur
287 1112 390 1176 neque
400 1090 465 1156 suis
475 1090 627 1156 auxilium
635 1088 760 1170 ferrent,
774 1116 837 1158 non
849 1103 981 1179 poterat,

67 1187 246 1255 constituta
266 1185 406 1253 secunda
427 1185 536 1273 vigilia
557 1208 673 1273 magno
696 1207 769 1252 cum
791 1188 923 1274 strepitu
944 1210 981 1254 ac
1000 1209 1029 1257 11

51 1291 89 1348 tu
111 1281 223 1348 enutris
241 1279 361 1368 egressi
381 1279 468 1346 nullo
490 1290 574 1346 certo
592 1281 701 1346 ordine
722 1301 823 1365 neque
841 1282 981 1368 imperio,

35 1378 111 1446 sibi
127 1377 262 1463 quisque
278 1377 414 1462 primum
430 1375 549 1440 itineris
562 1375 666 1440 locum
678 1384 798 1460 peteret
811 1385 842 1442 et
854 1377 983 1443 domum

10 1472 121 1540 unire
141 1480 336 1559 properaret,
365 1471 520 1550 fecenunt,
548 1479 584 1535 ut
606 1469 777 1536 consimilis
799 1468 894 1559 fugae
911 1494 983 1559 pro-

10 1587 43 1635 ο
65 1568 242 1635 videretur.
284 1567 344 1632 hac
365 1589 398 1632 re
420 1567 526 1632 statim
548 1564 668 1632 Caesar
688 1587 745 1652 per
771 1567 982 1653 speculatores

10 1661 80 1731 uita
98 1661 232 1729 insidias
249 1661 380 1739 veritus,
404 1661 502 1746 quod,
526 1661 645 1746 quade
664 1681 760 1726 causa
776 1662 981 1741 discederent,

10 1750 96 1833 lum
113 1765 325 1845 perspexerat,
344 1755 514 1821 exercitum
532 1756 767 1839 equitatumque
785 1756 895 1823 castris
909 1779 981 1823 con·

10 1850 53 1921 'm
92 1853 198 1940 prima
213 1852 283 1919 luce
297 1850 479 1917 confirmata
494 1873 528 1916 re
542 1848 582 1915 ab
596 1849 843 1936 exploratoribus
857 1874 982 1918 omnem

10 1954 148 2033 tutum,
170 1947 225 2032 qui
246 1946 453 2012 novissimum
469 1968 584 2032 agmen
604 1955 789 2024 moraretur,
811 1947 981 2032 praemisit

10 2036 177 2131 Quintum
189 2041 324 2108 Pedium
337 2050 369 2106 et
380 2041 519 2107 Lucium
531 2039 780 2106 Aurunculeium
794 2039 921 2107 Cottam
938 2042 983 2108 le·

10 2160 42 2205 =s
56 2135 223 2225 praefecit.
252 2135 360 2200 Titum
373 2134 552 2200 Labienum
564 2135 704 2221 legatum
719 2157 791 2200 cum
805 2135 982 2223 legionibus

10 2249 51 2299 ιε
72 2229 228 2315 subsequi
243 2229 344 2295 iussit.
371 2229 405 2294 hi
422 2229 610 2295 novissimos
629 2229 730 2294 adorti
742 2238 773 2294 et
785 2230 885 2295 multa
897 2230 983 2296 milia

10 2344 111 2409 ¹suum
131 2324 289 2411 prosecuti
311 2347 460 2412 magnam
481 2323 712 2388 multitudinem
734 2345 842 2388 comm
859 2323 996 2409 fugiem-

10 2438 32 2489 ι
50 2419 265 2496 conciderunt,
285 2440 357 2482 cum
375 2417 414 2483 ab
433 2427 573 2483 extremo
591 2417 730 2504 agmine,
749 2416 791 2482 ad
808 2439 887 2501 quos
905 2440 982 2482 ven-

10 2576 12 2583 .
38 2522 119 2592 erat,
139 2513 343 2580 consisterent
355 2512 537 2597 fortiterque
549 2511 700 2597 impetum
712 2521 888 2577 nostrorum
901 2513 982 2578 mili-

10 2662 15 2673 .
35 2609 237 2686 sustinerent,
254 2607 383 2694 priores,
402 2608 488 2691 quod
500 2606 612 2673 abesse
625 2629 645 2671 a
656 2607 795 2692 periculo
804 2607 983 2672 viderentur

10 2688 59 2770 be
86 2702 153 2767 ulla
175 2702 361 2768 necessitate
382 2723 484 2786 neque
505 2701 636 2786 imperio
658 2700 900 2779 continerentur,
928 2724 982 2766 ex-

10 2720 64 2961 Eq
87 2798 223 2864 clamore
244 2796 431 2882 perturbatis
453 2795 615 2861 ordinibus
637 2818 746 2862 omnes
768 2796 802 2860 in
822 2796 900 2882 fuga
922 2796 982 2862 sibi

49 2892 149 2957 'dium
166 2902 326 2977 ponerent
353 2892 397 2956 ita
415 2891 482 2956 sine
500 2891 564 2955 ullo
581 2889 719 2976 periculo
737 2898 856 2955 tantam
874 2912 982 2955 eorum

38 2987 189 3052 'tudinem
207 2986 303 3051 nostri
321 2985 556 3062 interfecerunt,
584 2994 735 3068 quantum
753 2985 813 3049 fuit
830 2984 893 3049 diei
911 3007 1000 3070 span¹

42 3131 51 3161 ,
78 3081 138 3148 sub
161 3102 370 3165 occasumque
393 3079 467 3145 solis
490 3079 675 3144 destiterunt
699 3101 795 3164 seque
815 3079 849 3144 in
870 3088 980 3157 castra,

63 3185 76 3241 t
92 3178 290 3262 imperatum,
308 3184 500 3261 receperunt.

51 3271 179 3339 ostridie
197 3271 265 3336 eius
283 3270 345 3335 diei
359 3268 487 3347 Caesar,
505 3269 689 3354 priusquam
702 3291 735 3334 se
748 3269 854 3334 hostes
868 3289 908 3333 ex
921 3278 982 3333 ter·
1001 3286 1031 3335 12

46 3389 81 3433 ac
100 3366 179 3453 fuga
195 3366 376 3450 reciperent,
395 3365 428 3428 in
445 3365 523 3429 fines
544 3361 759 3439 Suessionum,
777 3363 831 3446 qui
848 3362 982 3447 proximi

26 3461 50 3541 ,’
83 3472 188 3537 erant,
207 3460 378 3526 exercitum
394 3459 483 3524 duxit
502 3469 533 3522 et
550 3481 664 3544 magno
682 3458 788 3521 itinere
808 3454 980 3548 [confecto]

39 3557 170 3645 ppidum
186 3554 409 3621 Noviodunum
431 3554 598 3618 contendit
642 3552 675 3616 id
697 3573 736 3616 ex
757 3550 865 3618 itinere
883 3576 983 3639 oppu-

61 3661 206 3728 conatus,
222 3649 306 3733 quod
318 3671 452 3713 vacuum
465 3647 505 3713 ab
515 3645 732 3712 defensoribus
747 3669 817 3712 esse
826 3649 981 3727 audiebat,

49 3769 83 3813 cr
101 3744 300 3810 latitudinem
317 3742 422 3808 fossae
440 3743 581 3826 murique
600 3740 793 3806 altitudinem
806 3743 914 3826 paucis
928 3743 983 3806 de·

35 3838 162 3907 entibus
181 3859 362 3926 expugnare
379 3859 443 3901 non
459 3837 570 3922 potuit.
607 3835 715 3900 castris
734 3837 861 3900 munitis
874 3836 981 3902 vineas

75 3954 224 4021 quaeque
251 3933 292 3998 ad
316 3930 561 4018 oppugnandum
592 3929 665 3994 usui
691 3939 778 3994 erant
803 3951 981 4015 comparare

10 4031 67 4110 pia
112 4029 237 4092 interum
255 4027 357 4092 omnis
380 4047 421 4090 ex
441 4024 521 4113 fuga
540 4021 757 4095 Suessionum
771 4023 1000 4092 mudutudoin
1119 4118 1120 4123 ἵ

10 4128 59 4171 ilias
70 4127 162 4169 Caesar·
816 4125 838 4184 ’ὅ
