2528 4336
428 110 725 184 ceumaco-ae.
1044 99 1086 170 ta

10 244 183 335 possent,
207 235 285 302 fines
303 257 412 302 eorum
427 236 664 323 popularenturz
692 260 763 305 sese
780 259 820 304 ne
838 237 1000 305 obsidibus
1017 239 1087 324 qui-

10 331 131 421 edem
161 331 245 397 datis
274 351 385 417 pacem
410 329 564 398 Ariovisti
588 334 741 400 redimere
770 333 930 420 potuisse3
956 332 1087 400 Treveri

10 415 181 505 lautam,
204 447 304 513 pagos
328 433 453 492 centum
476 424 654 496 Sueborum
675 431 717 495 ad
741 429 826 516 ripas
848 429 953 495 Rheni
976 451 1087 505 ,conse-

10 521 161 600 ruisse,
184 518 239 605 qui
260 519 407 586 Rhenum
424 521 554 588 transire
572 534 769 604 conarentur3
794 523 844 590 his
861 545 1007 610 praeesse
1023 522 1088 590 Na·
1150 572 1151 577 η

10 633 152 683 tsuam
176 623 209 680 et
227 612 421 681 Cimberium
441 614 563 683 babes.
603 617 717 703 quibus
739 617 833 685 rebus
853 617 973 684 Caeam
994 617 1087 683 vehe-

10 719 184 791 tmenter
209 717 383 775 commotus
409 712 630 777 maturandum
657 712 717 780 sibi
744 711 946 791 existimavit,
977 733 1032 790 ne,
1059 711 1086 777 si

10 827 145 874 'rnova
171 827 284 871 manus
314 802 493 871 Sueborum
519 828 591 873 cum
621 807 778 874 veteribus
810 806 908 895 copiis
933 804 1086 873 Ariovisti

10 919 130 970 ‘ssese
154 898 384 978 coniunxisset,
411 899 515 966 minus
537 901 630 968 facile
646 902 750 968 resisti
770 910 886 988 posset.
929 901 1035 987 itaque
1051 921 1086 966 re

10 993 268 1063 lfrumentaria
302 1015 398 1078 quam
429 993 588 1062 celerrime
622 995 724 1082 potuit
754 1005 933 1082 comparata
962 993 1085 1081 magnis

10 1087 25 1149 '²³
40 1089 225 1159 itineribus
242 1090 284 1155 ad
301 1088 496 1156 Ariovistum
514 1091 681 1157 contendit
713 1113 786 1158 cum
802 1090 896 1156 tridui
913 1091 997 1156 viam
1014 1112 1086 1176 pro·
1104 1108 1137 1160 at

10 1200 25 1241 ff
45 1185 225 1264 cessisset,
242 1185 419 1250 nuntiatum
437 1195 485 1251 est
502 1185 532 1251 ei
548 1184 748 1253 Ariovistum
765 1208 838 1253 cum
856 1185 922 1252 suis
940 1184 1085 1251 omnibus

10 1296 27 1337 ἕ
47 1280 161 1368 copiis
184 1280 226 1345 ad
248 1280 464 1366 occupandum
485 1279 724 1360 Vesontionem,
756 1280 841 1365 quod
863 1288 911 1345 est
937 1279 1086 1365 oppidum

10 1375 236 1442 *maximum
267 1372 498 1460 Sequanorum,
535 1376 721 1442 contendere
762 1374 918 1460 triduique
952 1375 1037 1440 viam
1067 1396 1087 1439 a

10 1461 30 1524 d
52 1471 125 1536 suis
144 1468 262 1534 finibus
279 1468 459 1555 profecisse.
503 1469 537 1535 id
557 1492 597 1536 ne
615 1471 783 1548 accideret,
807 1490 998 1558 magnopere
1022 1467 1086 1535 sibi

10 1556 35 1618 ,t
54 1564 313 1650 praecavendum
332 1562 451 1630 Caesar
468 1563 675 1631 existimabat.
718 1585 855 1649 namque
877 1562 1016 1629 omnium
1037 1584 1087 1628 re·

10 1671 44 1712 ²³·
56 1682 140 1738 rum,
160 1680 242 1744 quae
259 1658 301 1723 ad
316 1656 435 1724 bellum
452 1658 525 1724 usui
542 1668 638 1738 erant,
657 1681 781 1724 summa
798 1658 958 1724 eratineo
972 1656 1087 1743 oppido

10 1745 45 1809 πὶ
60 1752 207 1831 facultas,
224 1751 319 1836 idque
335 1762 447 1816 natura
462 1751 525 1818 loci
542 1753 588 1818 sic
604 1752 810 1831 muniebatur,
829 1761 864 1817 ut
881 1774 1030 1837 magnam
1047 1750 1089 1816 ad

10 1859 48 1907 ²2.
62 1847 241 1914 ducendum
253 1846 372 1914 bellum
384 1847 472 1912 daret
485 1846 675 1926 faorrltatem
693 1855 858 1934 propterea
874 1846 960 1930 quod
972 1845 1089 1910 flumen

12 1933 45 1993 ¹5
64 1940 168 2008 Dubis
194 1950 231 2008 ut
256 1941 370 2007 circino
401 1941 648 2008 circumductum
677 1964 778 2028 paene
807 1951 908 2007 totum
938 1940 1088 2026 oppidum

10 2046 43 2086 Β·
65 2036 175 2125 cingit3
200 2035 355 2120 reliquum
378 2035 528 2122 spatium,
555 2037 641 2120 quod
662 2045 710 2103 est
731 2058 795 2102 non
816 2034 950 2121 amplius
971 2033 1088 2119 pedum

10 2139 41 2182 ²⁵
65 2128 141 2208 Dc,
163 2151 228 2214 qua
244 2129 363 2194 flumen
379 2129 569 2209 intermittit,
587 2153 679 2197 mons
697 2130 834 2195 continet
851 2150 967 2214 magna
984 2126 1088 2191 altitu-

10 2233 39 2275 θ·
66 2224 145 2303 dine,
162 2224 209 2288 ita
225 2234 261 2288 ut
277 2223 399 2289 radices
416 2223 530 2290 montis
549 2246 590 2290 ex
606 2234 738 2309 atraque
751 2231 839 2310 parte
851 2220 938 2308 ripae
950 2218 1087 2285 fluminis

10 2328 39 2370 m
66 2317 254 2404 contingant
282 2315 366 2382 hune
380 2338 489 2383 murus
507 2317 717 2384 circumdatus
736 2337 840 2383 arcem
858 2313 955 2380 efficit
971 2323 1088 2379 etcum

10 2423 36 2464 n
66 2410 181 2498 oppido
198 2409 368 2498 coniungit
412 2409 475 2476 huc
493 2409 614 2478 Caesar
630 2412 754 2499 magnis
776 2409 936 2478 nocturnis
954 2406 1088 2473 diurnis-

10 2517 34 2559 n
65 2527 125 2590 que
150 2503 313 2571 itineribus
340 2506 498 2571 contendit
520 2517 734 2593 occupatoque
760 2505 876 2592 oppido
901 2502 946 2569 ibi
970 2501 1089 2589 praesi-

10 2618 33 2651 t·
66 2599 151 2664 dium
169 2597 310 2666 collocat

10 2706 25 2757 *2
126 2692 217 2759 Dum
242 2716 359 2779 paucos
387 2693 454 2759 dies
481 2694 523 2759 ad
544 2693 771 2761 Vesontionem
795 2693 841 2759 rei
867 2690 1088 2758 frumentariae
1107 2710 1138 2760 39

10 2801 24 2840 3
66 2796 319 2872 commeatusque
336 2809 433 2853 causa
445 2798 592 2868 moratur,
611 2810 652 2854 ex
664 2787 897 2876 percontatione
908 2795 1088 2852 nostrorum

10 2895 21 2934 1
65 2880 257 2966 vocibusque
276 2878 440 2948 Gallorum
457 2904 495 2948 ac
511 2892 732 2962 mercatorum,
760 2882 814 2968 qui
830 2881 950 2969 ingenti
967 2880 1088 2967 magni-

10 2964 16 3026 l
65 2976 172 3044 tudine
189 2997 354 3063 corporum
369 2974 554 3055 Germanos,
572 2978 746 3045 incredibili
763 2977 877 3043 virtute
895 2985 988 3061 atque
1001 2995 1090 3040 exer-

10 3060 13 3120 )
65 3070 211 3136 citatione
232 3070 266 3135 in
287 3071 382 3136 armis
409 3093 480 3137 esse
505 3071 726 3157 praedicabant
752 3070 991 3157 (saepenumero
1018 3089 1088 3133 sese

65 3186 138 3231 cum
154 3165 205 3231 his
224 3186 408 3252 congressos
422 3187 463 3230 ne
476 3167 597 3231 vultum
613 3167 740 3250 quidem
753 3175 847 3250 atque
865 3163 964 3228 aciem
982 3160 1088 3227 oculo-

65 3281 135 3325 mm
152 3257 298 3325 dicebant
315 3259 397 3325 ferre
414 3261 584 3347 potuisse),
608 3271 712 3326 tantus
732 3258 836 3326 subito
854 3258 947 3323 timor
964 3278 1088 3323 omnem

66 3354 236 3421 exercitum
254 3355 431 3440 occupavit,
458 3365 494 3420 ut
510 3379 573 3422 non
590 3355 786 3422 mediocriter
811 3352 950 3419 omnium
968 3361 1088 3419 mentes

65 3448 251 3532 animosque
267 3449 470 3535 perturbaret.
515 3448 566 3514 bic
583 3451 718 3535 primum
740 3457 827 3514 ortus
850 3456 898 3513 est
919 3470 939 3513 a
956 3447 1087 3513 tribunis

66 3542 215 3620 militum,
249 3542 417 3629 praefectis
443 3542 648 3628 reliquisque,
683 3541 738 3627 qui
768 3564 808 3608 ex
832 3541 910 3609 urbe
936 3541 1089 3607 amicitiae

66 3657 162 3702 causa
181 3633 353 3702 Caesarem
375 3636 473 3703 secuti
494 3660 558 3703 non
579 3658 729 3723 magnum
746 3635 778 3700 in
799 3657 833 3702 re
854 3635 979 3700 militari
996 3657 1090 3700 usum

66 3729 240 3796 habebant:
267 3752 400 3816 quorum
422 3730 502 3798 elius
521 3731 582 3798 alia
599 3754 696 3797 causa
720 3729 822 3809 illata,
850 3751 945 3815 quam
968 3727 1029 3795 sibi
1049 3729 1090 3796 ad

65 3823 327 3910 proficiscendum
343 3827 552 3893 necessariam
569 3847 640 3891 esse
657 3825 787 3905 diceret,
807 3823 947 3911 petebat,
970 3834 1005 3889 ut
1022 3823 1089 3889 eius

66 3916 226 3987 voluntate
247 3919 408 3989 discedere
429 3920 550 4001 liceret3
576 3919 717 3988 nonnulli
742 3920 862 4005 pudore
883 3916 1028 4074 pdducti,
1054 3925 1090 3984 ut
