2414 4336
175 153 215 218 12
489 119 878 219 nnsnnnocsnmco

172 297 278 355 monte
296 295 448 375 occupato
461 296 585 353 nostros
599 285 802 374 exspectabat
813 285 994 371 proelioque
1006 284 1184 358 abstinebat

171 384 269 449 multo
292 385 425 468 denique
450 384 501 449 die
526 405 584 470 per
610 383 819 469 exploratores
843 382 961 449 Caesar
987 385 1136 472 cognovit
1164 397 1186 455 et

172 491 310 544 montem
328 503 347 544 a
365 480 430 545 suis
448 478 546 544 teneri
564 489 595 543 et
608 477 772 544 Helvetios
791 488 892 544 castra
909 480 1046 545 movisse
1064 492 1097 545 et
1112 479 1188 546 Con·

172 573 285 638 sidium
304 574 413 640 timore
430 573 635 660 perterritum,
650 573 735 658 quod
747 595 811 638 non
823 573 963 653 vidisset,
981 596 1038 660 pro
1050 575 1124 640 viso
1138 575 1188 642 sibi

172 667 378 733 renuntiasse.
409 688 447 733 eo
460 667 511 733 die
524 688 586 752 quo
604 676 769 733 consuerat
785 667 946 734 intervallo
963 667 1070 734 hostes
1091 669 1189 754 sequi-

173 769 224 827 tur
241 772 273 825 et
288 760 375 825 milia
390 782 544 846 passuum
561 761 620 826 tria
637 760 677 826 ab
696 783 804 827 eorum
822 763 931 826 castris
950 773 1052 828 castra
1068 765 1168 848 ponit

122 865 155 918 tt
231 853 388 920 Postridie
411 855 478 921 eius
501 855 576 934 diei,
603 856 689 939 quod
714 856 841 922 omnino
866 855 996 922 biduum
1023 870 1190 944 supererat,

171 969 244 1014 cum
275 949 423 1014 exercitui
452 949 643 1014 frumentum
673 949 776 1015 metiri
807 961 974 1036 oporteret,
1005 963 1036 1016 et
1062 953 1192 1035 quoda

170 1042 331 1121 Bibracte,
354 1043 470 1129 oppido
488 1043 693 1109 Haeduorum
714 1044 808 1131 longe
830 1045 967 1111 maximo
990 1055 1021 1110 et
1043 1047 1193 1132 copiosis·

172 1137 266 1215 simo,
293 1159 356 1202 non
378 1137 511 1223 amplius
534 1137 660 1203 milibus
685 1159 837 1224 passuum
858 1138 980 1204 XVIII
1001 1139 1124 1218 aberat,
1152 1140 1194 1205 rei

64 1305 66 1309 ¹
171 1229 391 1310 frumentariae
417 1231 670 1317 prospiciendum
696 1231 899 1298 existimavit:
925 1233 984 1298 iter
1009 1231 1049 1298 ab
1074 1233 1194 1298 Helve-

171 1323 222 1390 tiis
245 1324 356 1390 avertit
378 1347 416 1390 ac
431 1325 578 1390 Bibracte
599 1325 644 1390 ire
666 1326 833 1391 contendit.
878 1348 915 1392 ea
936 1348 986 1392 res
1008 1348 1065 1413 per
1086 1327 1193 1413 fugiti-

77 1457 82 1468 ·
171 1440 229 1484 vos
251 1418 293 1484 L.
311 1417 454 1497 Aemilii,
481 1419 656 1485 decurionis
683 1420 823 1503 equitum
842 1416 1019 1499 Gallorum,
1047 1420 1191 1488 hostibus

170 1512 339 1578 nuntiatur.
383 1511 537 1590 HelvetiI,
560 1534 618 1578 seu
643 1513 727 1596 quod
749 1514 858 1579 timore
880 1515 1057 1600 perterritos
1075 1514 1193 1580 Roma

171 1628 229 1672 nos
252 1606 410 1672 discedere
433 1629 458 1670 a
475 1628 509 1672 se
532 1606 757 1685 existimarent,
785 1630 821 1673 eo
843 1609 959 1695 magis,
987 1609 1071 1692 quod
1093 1610 1192 1694 pridie

172 1698 383 1786 superioribus
405 1700 482 1765 locis
509 1701 667 1786 occupatis
690 1702 842 1788 proelium
868 1725 931 1768 non
952 1704 1192 1781 commisissent,

172 1796 239 1862 sive
265 1816 316 1873 eo,
343 1794 428 1877 quod
453 1817 487 1861 re
513 1794 716 1860 frumentaria
740 1795 905 1863 intercludi
934 1819 1029 1883 posse
1056 1799 1193 1864 confide·

169 1899 252 1968 rent,
288 1897 479 1954 commutato
514 1887 643 1954 consilio
678 1899 771 1974 atque
805 1890 914 1956 itinere
949 1913 1102 1956 converso
1137 1915 1193 1958 no-

172 1993 252 2048 stros
275 2007 294 2048 a
314 1983 486 2049 novissimo
503 1985 627 2069 agmine
649 1983 772 2067 insequi
789 2005 826 2048 ac
842 1982 995 2049 lacessere
1013 1996 1191 2070 coeperunt.

120 2089 154 2137 24
170 2086 337 2163 postquam
363 2077 396 2142 id
427 2076 566 2142 animum
597 2076 742 2155 advertit,
774 2078 880 2164 copias
912 2100 985 2143 suas
1013 2077 1134 2144 Caesar
1160 2081 1190 2144 in

170 2170 347 2256 proximum
369 2170 481 2237 collem
503 2170 650 2237 subducit
675 2171 921 2257 equitatumque,
945 2172 999 2257 qui
1026 2173 1191 2238 sustineret

170 2264 308 2330 hostium
325 2266 490 2352 impetum,
508 2265 603 2332 misit.
641 2265 711 2351 ipse
726 2265 851 2330 interim
871 2266 905 2331 in
922 2266 1000 2331 colle
1017 2267 1121 2332 medio
1138 2269 1191 2332 tri-

169 2359 283 2444 phcem
296 2360 396 2426 aciem
408 2360 555 2428 instruxit
570 2359 731 2446 legionum
743 2369 890 2444 quattuor
901 2369 1119 2424 veteranarum
1134 2360 1190 2448 [ita

98 2469 99 2473 ’
169 2453 215 2516 uti
237 2450 361 2540 supra];
389 2454 445 2519 sed
470 2453 504 2518 in
526 2475 649 2518 summo
674 2453 749 2539 iugo
771 2453 850 2518 duas
874 2452 1030 2540 legiones,
1053 2476 1132 2537 quas
1158 2456 1189 2518 in

171 2544 276 2612 Gallia
297 2547 438 2613 citeriore
463 2547 606 2632 proxime
631 2546 871 2633 conscripserat,
894 2556 925 2611 et
947 2548 1052 2612 omnia
1074 2549 1189 2612 auxilia

171 2639 335 2706 collocavit
353 2662 390 2706 ac
407 2649 508 2706 totum
524 2649 663 2705 montem
679 2639 856 2707 hominibus
874 2640 1054 2727 complevit3
1073 2642 1190 2707 interea

170 2734 306 2802 sarcinas
328 2735 362 2800 in
382 2757 480 2800 unum
506 2734 610 2800 locum
631 2733 765 2800 conferri
787 2744 818 2800 et
840 2757 912 2800 eum
934 2735 974 2802 ab
995 2734 1059 2814 his,
1082 2736 1137 2820 qui
1158 2736 1190 2801 in

170 2830 327 2915 superiore
348 2829 414 2894 acie
437 2829 651 2907 constiterant,
673 2828 787 2894 muniri
807 2829 908 2895 iussit
951 2828 1092 2895 Helvetii
1117 2851 1189 2896 cum

169 2923 313 2990 omnibus
336 2923 402 2989 suis
425 2924 521 2989 canis
543 2923 642 2989 secuti
667 2923 888 3010 impedimenta
911 2924 945 2990 in
968 2947 1064 2989 unum
1085 2923 1189 2989 locum

169 3017 378 3095 contulerrmt3
395 3017 457 3104 ipsi
475 3017 704 3084 confertissima
720 3018 787 3082 acie
799 3019 914 3084 reiecto
926 3028 1033 3084 nostro
1051 3019 1190 3102 equitatu

168 3111 324 3198 phalange
341 3110 426 3177 facta
443 3111 503 3178 sub
524 3112 658 3199 primam
679 3122 819 3177 nostram
841 3113 940 3178 aciem
962 3122 1187 3178 successerunt.

118 3220 150 3271 25
168 3205 287 3272 Caesar
315 3207 450 3293 primum
477 3229 548 3285 suo,
576 3205 688 3278 deinde
715 3208 853 3273 omnium
879 3230 919 3273 ex
946 3218 1116 3294 conspectu
1142 3229 1190 3272 re-

167 3301 260 3367 motis
279 3301 377 3386 equis,
396 3311 431 3367 ut
449 3310 581 3386 aequato
599 3301 739 3366 omnium
755 3301 892 3387 periculo
910 3325 1000 3388 spem
1017 3301 1113 3389 fugae
1131 3302 1189 3367 tol-

167 3395 257 3475 leret,
281 3397 459 3463 cohortatus
477 3419 552 3463 suos
569 3396 722 3483 proelimn
739 3397 903 3462 commisit
943 3396 1057 3462 milites
1079 3419 1096 3462 e
1118 3396 1167 3462 loc

168 3491 327 3576 superiore
344 3493 416 3578 pilis
434 3493 540 3559 missis
558 3491 650 3557 facile
667 3491 804 3558 hostium
821 3491 1011 3579 phalangem
1029 3492 1158 3579 perfreg-

167 3596 248 3652 runt.
294 3608 332 3652 ea
353 3587 485 3652 disiecta
504 3587 619 3674 gladiis
637 3586 792 3654 destrictis
815 3587 847 3651 in
865 3608 919 3652 eos
937 3587 1089 3672 impetum
1105 3586 1159 3651 feo

166 3690 248 3746 runt.
286 3679 385 3748 Gallis
404 3704 519 3769 magno
537 3683 578 3748 ad
599 3704 738 3769 pugnam
761 3691 827 3746 erat
847 3681 1083 3768 impedimento,
1101 3701 1161 3764 quo

167 3775 307 3863 pluribus
326 3797 434 3842 eorum
456 3776 553 3842 scutis
574 3799 638 3841 uno
655 3776 720 3841 ictu
741 3775 875 3862 pilorum
897 3775 1053 3840 transfixis
1072 3783 1104 3839 et
1125 3796 1162 3839 co

167 3869 285 3957 ligatis,
308 3892 380 3935 cum
401 3870 518 3936 ferrum
540 3892 573 3937 se
590 3868 775 3949 inflexisset,
802 3891 904 3954 neque
929 3869 1061 3934 evellere
1087 3890 1165 3953 nequ

164 3965 293 4031 sinistra
312 3965 464 4053 impedita
486 3967 561 4034 satis
585 3965 747 4032 commode
769 3986 909 4052 pugnare
931 3974 1081 4051 poteraut,
1100 3961 1165 4029 mul
