2414 4336
417 268 536 327 ΟΟΜΜ.
553 270 588 327 V.
607 269 693 325 1-2.
813 318 815 322 .
1026 255 1065 322 71

100 395 143 461 1..
161 394 319 473 Domitio,
342 393 407 481 Ap.
427 392 563 461 Claudio
579 392 760 460 consulibus
777 391 942 458 discedens
959 391 1000 459 ab
1018 391 1066 458 hi·
1083 411 1098 464 1

65 489 143 556 arnis
160 488 284 556 Cacsar
304 489 338 554 in
353 489 493 569 ltaliam,
521 498 555 554 ut
577 487 743 574 quotannis
764 486 869 554 facere
890 497 1065 566 consuerat,

65 585 150 670 gatis
176 585 323 672 imperat,
350 607 431 670 quos
456 583 634 672 legionibus
659 583 866 671 praefecerat,
898 582 1067 669 utiquam

65 674 189 746 lurimas
207 689 338 766 possent
354 679 457 746 hieme
474 701 572 746 naves
589 679 799 746 aedificandas
816 687 1000 764 veteresque
1016 700 1067 746 re-

65 769 190 839 niendas
209 781 361 839 curarent.
389 795 497 839 earum
514 773 643 839 modum
655 772 851 858 formamque
865 773 1066 839 demonstrat.

65 863 91 929 d
107 867 295 934 celeritatem
316 867 464 934 onerandi
487 866 771 954 subductionesque
791 866 887 955 paulo
913 866 989 932 facit
1009 865 1069 932 hu-

65 957 192 1041 utores,
219 982 316 1048 quam
337 962 452 1047 quibus
473 962 507 1027 in
532 972 639 1030 nostro
665 962 744 1028 mari
764 961 811 1027 uti
837 960 1067 1039 consuevimus,

65 1058 136 1139 tque
157 1056 191 1122 id
212 1078 251 1123 eo
268 1056 386 1143 magis,
412 1056 641 1143 quodpropter
662 1055 787 1123 crebras
810 1055 1068 1123 commutationes

65 1161 188 1218 estuum
213 1151 318 1218 minus
343 1159 476 1240 magnos
501 1152 547 1218 ibi
566 1153 681 1218 fluctus
706 1152 775 1218 fieri
799 1161 1002 1240 cognoverat,
1028 1150 1071 1217 ad

65 1262 140 1314 nera
157 1270 195 1314 ac
211 1247 443 1314 multitudinem
458 1248 669 1314 iumentorum
687 1248 959 1335 transportandam
975 1244 1070 1334 paulo

65 1338 187 1422 tiores,
213 1365 310 1428 quam
337 1342 453 1428 quibus
473 1343 507 1408 in
528 1342 656 1428 reliquis
681 1343 799 1409 utimur
819 1342 968 1409 maribus.
1011 1342 1070 1407 has

65 1450 155 1504 mnas
181 1438 336 1503 actuarias
362 1437 495 1523 imperat
520 1436 601 1516 fieri,
629 1458 724 1521 quam
750 1437 791 1503 ad
816 1459 883 1503 rem
910 1435 1070 1501 humilitas

65 1530 179 1597 tultum
196 1531 333 1597 adiuvat.
378 1553 425 1610 ea,
444 1552 525 1616 quae
543 1539 615 1597 sunt
631 1532 704 1598 usui
721 1531 763 1598 ad
779 1531 944 1598 armandas
962 1551 1069 1608 navos,

65 1640 86 1687 ι
114 1625 273 1712 Hispania
300 1625 456 1712 apportari
481 1623 577 1691 iubet
620 1626 689 1712 ipse
715 1625 920 1692 conventibus
948 1621 1071 1692 Galliae

65 1712 196 1786 {terioris
208 1719 344 1806 peractis
357 1720 390 1784 in
398 1719 560 1806 Illyricum
573 1719 788 1806 proficiscitur,
807 1719 892 1805 quod
905 1742 925 1786 a
936 1718 1070 1785 Pirustis

65 1813 209 1880 nitimam
222 1824 343 1901 partem
355 1814 534 1901 provinciae
547 1813 777 1881 incursionibus
786 1814 903 1880 vastari
915 1812 1070 1879 audiebat

65 1922 81 1967 δ
101 1931 175 1974 cum
191 1909 345 1988 venisset,
364 1908 541 1975 civitatibus
560 1908 673 1975 milites
691 1909 824 1994 imperat
840 1918 1021 1993 certumque
1039 1907 1072 1973 in

65 2022 151 2069 >cum
168 2003 334 2070 convenire
351 2001 447 2069 iubet
491 2024 555 2087 qua
572 2025 606 2069 re
622 2003 765 2071 nuntiata
781 2001 927 2069 Pirustae
948 2002 1070 2089 legatos

65 2093 87 2162 d
109 2120 183 2164 eum
204 2098 343 2177 nubunt,
372 2097 426 2182 qui
448 2098 580 2164 doceant
600 2097 677 2161 nihil
695 2118 803 2163 earum
819 2118 924 2162 rerum
945 2095 1071 2182 publico

65 2201 166 2257 totum
183 2192 327 2271 oonsilio,
354 2212 487 2276 seseque
504 2200 629 2277 paratos
648 2212 718 2256 esse
739 2191 952 2256 demonstrant
973 2190 1073 2254 omni·

65 2304 105 2352 us
127 2285 301 2352 rationibus
323 2286 363 2351 de
383 2286 504 2352 iniuriis
527 2284 715 2352 satisfacere.
760 2293 908 2371 percepta
932 2282 1071 2349 oratione

65 2401 155 2446 orum
181 2379 300 2447 Caesar
326 2379 452 2447 obsides
478 2381 611 2466 imperat
637 2400 753 2463 eosque
779 2378 820 2444 ad
846 2387 962 2444 certam
987 2377 1072 2443 diem

65 2474 162 2540 dduci
179 2473 280 2554 iubet3
303 2475 364 2540 nisi
380 2475 425 2541 ita
441 2475 585 2553 fecerint,
604 2495 675 2540 sese
692 2473 775 2540 bello
792 2473 949 2540 civitatem
966 2493 1072 2559 perso-

65 2579 193 2634 uturum
211 2568 413 2635 demonstrat.
457 2570 495 2634 iis
514 2569 555 2635 ad
572 2567 655 2634 diem
672 2568 830 2646 adductis,
848 2576 883 2632 ut
899 2569 1072 2654 imperave-

65 2672 106 2742 at,
130 2669 264 2730 arbitros
282 2665 363 2729 inter
380 2663 522 2730 civitates
539 2664 607 2742 dat,
631 2662 686 2747 qui
702 2662 789 2729 litem
810 2662 976 2728 aestiment
997 2683 1073 2748 poe-

65 2780 182 2842 amque
200 2760 399 2825 constituant.

109 2850 175 2918 His
197 2852 347 2918 confectis
368 2852 463 2918 rebus
491 2851 758 2936 conventibusque
780 2852 913 2939 peractis
940 2851 973 2916 in
998 2852 1105 2920 cite-2

65 2949 162 3014 iorem
179 2943 317 3013 Galliam
337 2947 502 3013 revertitur
523 2956 616 3032 atque
634 2946 707 3011 inde
729 2948 770 3012 ad
787 2947 957 3013 exercitum
978 2947 1073 3033 profi·

65 3040 186 3107 iscioar.
235 3063 274 3108 eo
305 3063 376 3107 oum
406 3042 559 3120 venisset,
596 3041 731 3107 circuitis
762 3040 908 3107 omnibus
933 3039 1071 3107 hibernis

65 3135 201 3223 iugulari
218 3137 351 3202 militurn
369 3137 472 3203 studio
489 3136 523 3202 in
540 3159 665 3202 summa
685 3136 826 3225 omnium
842 3157 946 3200 rerum
967 3134 1073 3220 inopia

65 3231 171 3296 inciter
188 3241 353 3297 sexcentas
371 3231 438 3297 eins
456 3231 595 3319 generis,
622 3230 711 3296 cuius
731 3252 826 3315 supra
847 3227 1073 3294 demonstravi-

65 3347 134 3405 rus,
157 3346 269 3404 naves,
293 3335 324 3392 et
340 3324 452 3413 longas
469 3323 628 3391 XXVIH
644 3324 763 3389 invenit
784 3323 952 3388 instructas
970 3343 1072 3406 neque

65 3419 183 3484 tultum
200 3419 312 3486 abesse
329 3419 370 3486 ab
389 3442 440 3498 eo,
463 3421 539 3504 quin
555 3419 665 3506 paucis
683 3417 794 3484 diebus
812 3416 925 3482 deduci
941 3417 1072 3503 possint.

65 3514 232 3581 ollaudatis
258 3514 409 3581 militibus
435 3525 529 3600 atque
555 3515 608 3593 iis,
636 3514 691 3597 qui
715 3512 842 3600 negotio
863 3511 1071 3598 praefuerant,

65 3608 124 3692 uid
141 3608 210 3675 fieri
227 3608 311 3689 velit,
330 3609 467 3676 ostendit
478 3618 572 3694 atque
585 3608 686 3672 omnis
699 3607 741 3672 ad
753 3616 877 3694 portum
890 3606 987 3672 Itium
1000 3627 1073 3671 con·

65 3703 154 3769 'enire
171 3703 267 3783 iubet,
285 3725 349 3790 quo
367 3727 406 3770 ex
422 3714 515 3791 portu
532 3702 821 3770 commodissimum
833 3702 866 3767 in
878 3701 1073 3767 Britanniam

65 3798 212 3864 raiectum
229 3821 301 3865 esse
313 3809 510 3887 cognoverat,
530 3797 651 3865 circiter
663 3797 785 3863 milium
797 3819 949 3883 passuum
961 3793 1074 3862 XXX

65 3890 298 3980 transmissum]
316 3916 337 3958 a
354 3893 536 3960 continenti:
554 3892 628 3958 huic
639 3891 685 3958 rei
698 3893 783 3977 quod
797 3891 871 3956 satis
885 3912 957 3956 esse
969 3889 1073 3957 visum

65 3996 93 4051 at
108 3987 242 4052 militnm
257 3988 391 4074 reliquit.
437 3990 509 4078 ipse
530 4012 606 4058 oum
625 3987 811 4082 legionibus
832 3986 994 4076 expeditas
1006 3984 1094 4049 m

75 4078 235 4160 equitibus
243 4080 376 4152 Duco
387 4086 423 4153 in
436 4086 521 4158 dnos
530 4087 761 4162 Treverorum
768 4083 1010 4180 pmlrciscitur,
1024 4073 1121 4163 amb
