2528 4336
197 248 260 315 144
511 259 565 318 DE
581 256 709 319 samo
728 258 897 319 almeo

195 395 244 453 est
260 408 404 472 passum,
428 385 551 451 circiter
567 384 667 451 tribus
684 383 811 453 milibus
828 384 968 452 bostium
989 407 1030 452 ex
1046 383 1183 452 00ιὶοἰ
1196 418 1208 435 ι

194 481 319 569 agmine
336 479 507 546 interiectis
524 479 622 546 altero
639 479 749 546 dicad
761 479 905 546 Alesiam
917 488 1021 546 casua
1038 479 1123 546 iecit.
1157 510 1180 537 ιι
1233 492 1260 574 ’1.

194 585 301 664 specto
326 574 413 642 urbis
440 575 503 641 situ
523 574 756 662 perterritisque
776 574 933 654 hostibus,
960 574 1047 659 quod
1068 596 1162 661 equo:
1177 605 1191 628 ιι
1248 590 1260 601 ·

193 694 256 757 qua
272 671 408 738 maxime
425 679 513 757 parte
531 671 685 736 exereitus
703 669 915 749 confidebant,
937 679 1027 738 erant
1042 669 1141 758 pulsi,
1168 700 1196 723 a
1218 673 1220 676 ’

192 765 334 832 hortatus
343 765 385 832 ad
396 764 536 831 laborem
547 764 662 831 milites
670 761 815 832 Alesiam
827 761 1207 834 0100000001100000οιιιιι,

144 879 175 930 cs
193 860 298 947 ipsum
315 867 382 926 erat
398 858 548 946 oppidum
565 859 599 923 in
616 858 694 926 colle
712 880 837 925 summo
854 858 1023 926 admodum
1041 859 1125 925 edita
1136 856 1161 924 l·
1173 888 1193 913 ιι
1221 880 1260 935 ·,

193 965 228 1019 οι
248 953 310 1020 0101
330 952 493 1020 obsidione
514 953 688 1040 expugnari
712 975 777 1020 non
796 975 892 1040 posse
917 953 1091 1033 videretur3
1128 941 1260 1027 W

193 1047 281 1114 collis
298 1047 420 1113 radices
438 1047 502 1113 duo
519 1046 642 1114 duabus
661 1069 701 1112 ex
717 1047 859 1134 partibus
875 1047 1007 1114 flumina
1019 1045 1181 1114 snblueb·
1209 1107 1210 1120 ι

194 1150 266 1208 ante
287 1140 321 1206 id
342 1141 493 1228 oppidum
514 1139 664 1227 planicies
686 1140 808 1208 circiter
828 1141 915 1208 milia
935 1163 1090 1229 passuum
1111 1138 1168 1207 tria
1198 1171 1214 1184 ι

193 1235 422 1324 longitudinem
442 1234 583 1321 patebat:
608 1233 736 1321 reliquis
759 1257 800 1302 ex
821 1234 967 1302 omnibus
988 1234 1132 1324 partibus
1153 1231 1198 1300 col

193 1329 240 1397 100
261 1329 411 1396 mediocri
430 1328 592 1396 interiecto
614 1329 714 1416 spatio
735 1329 804 1416 pari
826 1328 999 1396 altitudinis
1016 1328 1147 1417 fastigio
1162 1349 1193 1394 οι
1216 1344 1260 1360 ·

193 1425 303 1511 pidum
321 1423 497 1512 cingebant.
524 1422 584 1490 sub
601 1445 700 1504 muro,
718 1444 800 1509 quae
816 1445 891 1512 pars
903 1423 992 1492 collis
1010 1425 1053 1490 ad
1069 1425 1157 1490 orien
1174 1439 1229 1479 ·ιι·’“

197 1518 296 1585 solem
325 1517 500 1605 spectabat,
527 1517 612 1584 hunc
637 1517 893 1585 0000οι01000οι
919 1517 1028 1606 copiae
1055 1514 1151 1585 Gellc
1172 1546 1204 1571 ιι
1220 1561 1224 1580 ι

195 1612 427 1699 compleverant
449 1611 631 1698 fossamque
653 1621 685 1678 et
705 1612 874 1679 maceriam
896 1635 953 1680 sex
968 1612 1003 1678 in
1024 1610 1160 1678 01ι11οιἰ
1174 1641 1205 1666 ιιι
1219 1628 1235 1680 υ

194 1707 311 1793 pedum
326 1706 565 1793 praeduxerant
610 1705 678 1773 eius
695 1706 891 1786 munitionis,
908 1728 990 1793 quae
1008 1706 1049 1773 ab
1066 1705 1143 1772 Roo
1157 1736 1191 1761 :o
1256 1742 1260 1748 ·

195 1798 422 1878 instituebatur,
436 1799 583 1866 circuitus
597 1799 653 1866 Xl
665 1799 786 1867 milium
797 1823 951 1889 passuum
963 1801 1099 1867 tenebat
1118 1807 1222 1867 castra
1236 1819 1237 1830 ¹
1250 1816 1253 1817 ’

194 1892 469 1982 opportunislocis
488 1903 576 1960 erant
592 1895 697 1981 posita
712 1895 819 1981 ibique
839 1895 968 1963 castella
979 1894 1110 1962 XXIH
1121 1894 1217 1973 100100
1237 1920 1260 1987 ’ς

195 1988 310 2074 quibus
327 1989 362 2054 in
378 1987 514 2054 castellis
535 1988 670 2056 interdiu
692 1990 841 2059 stationes
862 1989 1072 2077 ponebantur,
1098 2011 1141 2056 ne
1157 1998 1241 2074 qua*

197 2081 301 2150 subito
319 2083 440 2171 eruptio
462 2083 564 2150 fieretr
585 2083 666 2151 haec
686 2085 797 2152 eadem
813 2095 909 2152 noctu
931 2083 1165 2152 excubitoribus
1181 2103 1218 2149 ac

145 2199 176 2248 ιο
193 2177 292 2244 firmis
313 2177 477 2265 praesidiis
498 2177 693 2245 tenebantur.
738 2200 831 2266 opere
852 2179 995 2246 instituto
1016 2179 1053 2244 fit
1073 2186 1215 2265 equestre
1241 2162 1260 2230 Ε

194 2274 348 2363 proelium
368 2275 402 2340 in
424 2296 462 2340 ea
481 2273 629 2361 planicie,
657 2296 752 2360 quam
773 2274 984 2341 intermissam
1005 2273 1138 2341 collibus
1160 2270 1226 2351 tria,

195 2369 282 2437 milia
297 2392 448 2456 passuum
465 2367 499 2433 in
515 2367 743 2457 longitudinem
759 2377 867 2455 patere
885 2391 981 2454 00000
993 2366 1217 2434 demonstravi-

194 2486 275 2530 mus.
321 2487 444 2530 summa
464 2463 497 2528 vi
522 2462 562 2530 ab
588 2463 729 2548 utrisque
755 2463 960 2530 contenditur.
1003 2461 1216 2530 laborantibus
1243 2469 1260 2535 Ξ

194 2557 309 2625 nostris
325 2557 444 2624 Caesar
453 2553 629 2624 Germanos
643 2556 809 2624 summittit
820 2557 1024 2644 legionesque
1036 2577 1094 2643 pro
1108 2552 1217 2622 castris

195 2652 365 2731 constituit,
382 2673 423 2716 ne
440 2671 503 2734 qua
520 2649 624 2716 subito
642 2650 773 2738 irruptio
790 2650 831 2717 ab
848 2651 987 2718 hostium
999 2649 1142 2736 peditatu
1154 2646 1229 2713 liat.¹

194 2744 351 2831 praesidio
368 2744 527 2831 legionum
544 2744 650 2811 addito
667 2744 783 2811 nostris
801 2744 925 2811 animus
943 2753 1093 2832 augetur:
1111 2743 1216 2809 hostes

194 2838 229 2903 in
253 2837 364 2925 fugam
389 2837 521 2904 coniecti
546 2860 581 2904 se
606 2837 668 2925 ipsi
693 2837 892 2906 multitudine
921 2837 1095 2925 impediunt
1125 2844 1217 2922 atquc

195 2930 427 3020 angustioribus
444 2930 543 3017 portis
560 2932 675 2999 relictis
693 2942 925 2999 coacervantur.
952 2929 1103 3000 Germani
1115 2929 1218 2998 000100
1252 2944 1260 2987 !

195 3025 355 3111 usquead
370 3025 559 3092 munitiones
577 3035 759 3111 sequuntur.
802 3026 838 3092 fit
854 3049 971 3114 magna
991 3026 1120 3093 caedesz
1141 3045 1219 3091 nou-

196 3120 274 3186 nulli
290 3119 407 3187 relictis
424 3119 514 3204 equis
531 3119 651 3187 fossam
673 3120 805 3187 transire
822 3129 854 3186 et
870 3119 1038 3187 maceriam
1059 3129 1219 3185 transoen·

196 3217 270 3282 dere
288 3224 447 3282 conantur.
490 3215 620 3302 paulum
637 3214 778 3303 legiones
798 3216 931 3296 Caesar,
958 3237 1038 3301 quas
1059 3236 1119 3303 pro
1136 3213 1219 3281 vallo

195 3309 411 3390 constituerat,
429 3310 605 3397 promoveri
622 3308 719 3376 iubet.
763 3333 826 3377 non
843 3310 961 3389 minus,
980 3311 1035 3395 qui
1051 3309 1135 3376 iutra
1150 3330 1220 3374 mu·

195 3404 329 3471 nitiones
347 3414 449 3483 erant,
466 3403 689 3493 perturbantur
707 3401 806 3472 Galli:
824 3405 924 3471 veniri
940 3404 1034 3471 adse
1052 3402 1219 3471 confestim

195 3497 410 3565 existimantes
430 3498 472 3564 ad
493 3522 580 3566 arma
605 3499 814 3578 conclamant3
839 3497 981 3565 nonnulli
1006 3497 1163 3585 perterriti
1186 3497 1220 3563 in

195 3593 344 3681 oppidum
369 3592 554 3680 irrumpunt.
597 3593 836 3682 vercngsasx
859 3593 948 3661 000
971 3601 1078 3680 porse
1105 3591 1219 3669 mun
1250 3554 1260 3641 l

195 3711 235 3754 ne
252 3700 355 3755 castra
371 3688 536 3756 nudentur.
580 3689 686 3757 multis
703 3687 885 3768 interfectis,
904 3685 1116 3775 compluribus
1130 3685 1219 3772 equis

149 3803 176 3852 ιι
198 3783 297 3871 00οιἰο
317 3779 467 3850 Germani
484 3804 555 3850 sese
571 3783 734 3871 recipiunt.
769 3782 1017 3872 Vercingetorix,
1034 3782 1219 3869 prinsquam
1257 3820 1260 3829 ·

196 3876 383 3945 munitiones
401 3875 441 3944 ab
458 3876 610 3945 Romanis
627 3877 835 3965 perficiantur,
854 3877 1018 3945 consilium
1036 3875 1135 3963 capit,
1153 3898 1220 3943 om-

196 3993 269 4039 nem
286 3970 326 4039 ab
344 3994 379 4039 se
395 3969 569 4057 equitatum
584 3982 679 4040 noctu
691 3971 855 4039 dimittere.
882 3969 1117 4038 discedentibus
1130 3992 1220 4037 man·
1257 3972 1260 4057 4

189 4064 256 4147 dat,
286 4075 322 4133 nt
341 4088 434 4135 suam
456 4064 592 4155 quisque
612 4087 723 4134 eorum
742 4066 901 4136 ciuitatem
921 4065 1014 4133 adesa
1035 4085 1218 4153 omnesque,
1258 4154 1260 4161 Ι
