2414 4336
386 219 504 278 COMM.
520 219 586 275 1111.
604 216 724 276 14-17.
1022 203 1062 273 61

61 361 232 435 ceperunt
277 343 396 414 Caesar
411 343 467 426 iis,
484 367 564 431 quos
581 346 616 411 in
633 344 742 411 castris
759 343 941 423 retinuerat,
964 343 1065 412 disee-

61 443 133 509 mei
153 450 342 530 potestatem
363 440 448 507 fecit.
496 440 541 505 illi
569 439 722 528 supplicia
748 439 965 524 cruciatusque
987 437 1064 506 Gal-

61 554 139 604 rum
155 537 256 615 veriti,
275 558 408 621 quorum
426 558 519 624 agros
536 544 736 614 vexaverant,
754 554 914 601 remanere
932 556 967 601 se
979 535 1064 623 apud

61 650 112 697 nn
127 632 209 699 velle
227 633 382 698 dixerunt.
425 631 475 697 his
495 629 615 697 Caesar
630 628 808 697 libertatem
824 627 990 696 concessit.

68 774 76 783 -
104 723 293 795 Germanico
310 724 393 792 bello
412 724 554 791 confecto
572 723 679 789 multis
697 723 854 791 decausis
868 722 1065 790 ansarsta-
1082 743 1113 795 la

61 818 100 887 'tit
127 821 188 888 sibi
213 820 359 887 Rhenum
390 841 460 886 esse
491 818 731 897 transeundum3
766 838 899 903 quarum
924 817 977 883 illa
1003 816 1063 883 fuit

61 916 224 995 samsima,
247 915 346 1002 quod,
369 936 440 980 cum
459 913 578 980 videret
605 911 781 979 Germanos
805 922 871 977 tam
891 911 984 978 facile
1005 912 1064 977 im-

61 1006 122 1090 elli,
139 1010 221 1076 utin
234 1007 372 1077 Galliam
384 1009 535 1087 venirent,
554 1008 620 1075 suis
635 1030 761 1094 quoque
777 1007 872 1074 rebus
887 1028 940 1073 eos
955 1008 1063 1074 timere

61 1100 149 1185 oluit,
177 1127 250 1173 cum
271 1102 487 1192 intellegerent
510 1113 541 1170 et
561 1124 657 1190 posse
679 1111 711 1168 et
732 1101 847 1168 audere
868 1101 977 1189 populi
997 1101 1064 1169 Ro-

61 1200 122 1266 uni
143 1199 314 1266 exercitum
335 1198 482 1266 Rhenum
504 1197 645 1264 transire.
689 1197 822 1263 accessit
844 1197 951 1276 etiam,
978 1197 1063 1282 quod

61 1284 180 1382 lapara
199 1295 356 1379 equitatus
370 1292 541 1380 Usipetum
558 1302 589 1358 et
602 1292 836 1369 Tencterorum,
855 1311 950 1376 quam
968 1314 1063 1377 supra

61 1389 280 1456 mnemoravi
308 1389 479 1476 praedandi
510 1388 783 1474 frumentandique
814 1409 910 1453 causa
934 1386 1062 1453 Mosam

61 1484 187 1551 ausisse
204 1506 305 1569 neque
322 1483 440 1571 proelio
457 1482 647 1562 interfuisse,
664 1492 738 1570 post
754 1482 865 1571 fugam
883 1504 1010 1548 suorum
1027 1503 1062 1550 se

61 1592 122 1646 uns
133 1578 283 1646 Rhenum
299 1577 333 1643 in
349 1578 428 1645 fines
444 1576 693 1666 Sugambrorum
706 1586 866 1662 receperat
880 1599 975 1662 seque
989 1599 1062 1643 cum

61 1688 65 1729 Ι
94 1675 308 1742 coniunxerat.
361 1674 403 1740 ad
423 1694 503 1759 quos
526 1695 597 1739 eum
621 1671 740 1739 Caesar
761 1673 887 1738 nuntios
913 1672 1060 1751 misisset,

61 1763 84 1830 ti
105 1769 313 1856 postularent,
341 1790 409 1848 eos,
436 1768 491 1854 qui
513 1767 574 1834 sibi
592 1764 777 1853 Galliaeque
799 1767 917 1833 bellum
938 1765 1062 1832 intulis·

61 1874 118 1944 nt,
146 1862 208 1930 sibi
225 1863 387 1943 dederent,
414 1863 657 1952 responderuntz
684 1862 793 1950 populi
810 1861 945 1927 Romani
962 1861 1062 1948 impe-

61 1971 117 2024 un
137 1957 287 2023 Rhenum
308 1957 411 2023 finire:
439 1958 466 2022 si
493 1980 527 2024 se
549 1958 647 2023 invito
670 1955 846 2023 Germanos
868 1956 902 2020 in
925 1953 1060 2022 Galliam

61 2051 165 2119 moire
183 2074 247 2118 nou
268 2073 404 2138 aequum
422 2051 627 2130 existimaret,
656 2074 712 2116 cur
733 2051 782 2117 sui
804 2051 972 2135 quicquam
990 2071 1061 2115 esse

61 2147 156 2233 tperii
173 2156 228 2212 aut
244 2147 407 2235 potestatis
425 2156 510 2213 trans
527 2147 674 2212 Rhenum
691 2144 884 2232 postularet?
910 2143 988 2209 Ubii
1005 2167 1061 2209 au·

61 2256 113 2322 m,
139 2243 194 2328 qui
211 2242 266 2307 uni
284 2265 324 2308 ex
341 2241 591 2309 Transrhenanis
609 2242 650 2306 ad
669 2239 838 2307 Caesarem
859 2238 980 2327 legatos
1003 2239 1062 2302 mi-

61 2346 152 2416 rant,
176 2337 345 2403 amicitiam
362 2334 515 2415 fecerant,
538 2334 665 2402 obsides
683 2335 846 2414 dederant,
870 2354 1060 2421 magnopere

61 2432 179 2512 abant,
197 2442 233 2498 ut
250 2432 311 2499 sibi
328 2432 479 2498 auxilium
495 2432 605 2510 ferret,
628 2431 715 2515 quod
730 2432 869 2518 graviter
885 2429 925 2497 ab
945 2427 1060 2495 Suebis

61 2536 262 2607 *emerentur3
288 2527 353 2606 vel,
380 2528 409 2593 si
424 2528 458 2592 id
475 2526 580 2593 facere
598 2526 854 2614 occupationibus
871 2525 1060 2612 reipublicae

61 2622 264 2702 .·ohiberetur,
292 2622 463 2689 exercitum
484 2623 578 2688 modo
596 2621 744 2688 Rhenum
766 2630 1001 2708 transportaret:
1026 2621 1061 2685 id

61 2710 97 2782 bi
113 2718 153 2783 ad
171 2717 322 2783 auxilium
340 2739 491 2805 spemque
508 2717 621 2803 reliqui
643 2717 791 2804 temporis
815 2717 891 2783 satis
909 2715 1059 2783 futurum.

61 2820 155 2878 ntum
174 2834 245 2878 esse
261 2835 376 2879 nomen
393 2821 486 2897 atque
508 2812 687 2900 opinionem
705 2812 772 2877 eius
795 2811 949 2877 exercitus
966 2810 1061 2876 Ario-

61 2903 116 2972 isto
136 2905 231 2992 pulso
253 2916 284 2973 et
301 2906 362 2972 hoc
378 2906 551 2972 novissimo
573 2906 691 2993 proelio
713 2905 798 2972 fecto
816 2906 910 2971 etiam
932 2905 972 2970 ad
989 2904 1061 2969 ulti-

61 3020 103 3065 tas
117 2996 347 3068 Germanorum
364 3001 517 3079 nationes,
535 3001 582 3065 uti
600 3000 746 3087 opinione
759 3010 790 3064 et
804 3000 940 3066 amicitia
951 2998 1060 3086 populi

61 3096 169 3162 hmani
190 3096 250 3161 tuti
272 3116 343 3162 esse
364 3096 496 3183 possint.
544 3095 673 3161 navium
695 3117 844 3182 magnam
871 3094 993 3180 copiam
1019 3094 1059 3158 ad

61 3191 309 3279 anspertandum
331 3191 503 3256 exercitum
522 3189 758 3278 pollicebantur.
808 3188 927 3256 Caesar
947 3188 997 3253 his
1019 3188 1059 3253 de
1078 3207 1109 3256 ιι

61 3286 151 3366 ausis,
175 3309 254 3372 quas
273 3285 528 3364 commemoravi,
550 3285 698 3351 Rhenum
715 3283 846 3350 transire
865 3283 1058 3360 decreverat3

61 3381 90 3446 rd
106 3379 242 3447 navibus
259 3381 391 3447 transire
408 3403 511 3466 neque
535 3381 610 3447 satis
631 3391 734 3446 tutum
753 3399 823 3443 esse
841 3375 1057 3456 arbitrabatur,

61 3499 134 3563 eque
153 3499 229 3543 suae
246 3498 349 3561 neque
365 3476 473 3564 populi
485 3475 621 3542 Romani
635 3473 794 3562 dignitatis
809 3493 879 3538 esse
894 3470 1058 3538 statuebat

61 3593 153 3657 aque,
180 3571 242 3636 etsi
259 3594 382 3637 summa
399 3570 567 3635 difficultas
586 3568 722 3634 faciendi
742 3567 847 3654 pontis
864 3565 1059 3654 proponeba-

61 3689 82 3732 u
102 3674 198 3754 propt
199 3687 233 3731 er
185 3665 326 3731 tlatit
326 3667 467 3743 udinem,
494 3664 640 3750 rapiditat
642 3685 693 3728 em
718 3662 786 3727 altit
773 3663 975 3746 tudinemque
1000 3660 1059 3725 fiu-

61 3762 140 3840 inis,
167 3772 274 3826 tamen
294 3760 327 3824 id
346 3759 407 3824 sibi
428 3769 501 3824 cont
488 3757 678 3824 tendendum
696 3765 750 3822 aut
737 3757 826 3823 talit
814 3768 861 3823 ter
877 3779 940 3821 non
958 3766 1059 3821 trans·

61 3855 211 3921 scendum
235 3855 405 3921 exereitum
427 3852 633 3919 existimabat.
677 3853 829 3919 rationem
850 3850 954 3937 pontis
976 3849 1058 3915 hanc

61 3951 175 4016 stituit
220 3950 307 4037 tigna
324 3948 399 4015 bina
417 3947 659 4035 sesquipedalia,
682 3947 811 4035 paulum
829 3944 896 4011 ab'
886 3967 950 4010 rmo
968 3966 1058 4031 prae-

61 4056 121 4111 uta
143 4046 285 4111 drinensa
304 4045 347 4112 ad
369 4045 570 4113 altitudinem
592 4044 735 4115 fluminis
757 4040 932 4112 interuallo
953 4039 1089 4128 pedum
1174 4010 1183 4083 l
