2414 4336
146 190 188 258 58
461 200 515 259 Du
531 199 659 259 Buuuo
676 197 855 267 eunuco

146 327 259 397 oratio:
286 323 462 396 Germanos
484 346 586 413 neque
607 325 726 414 priores
746 324 871 415 populo
894 322 1020 395 Rome-u

145 423 260 491 inferre
276 444 378 509 neque
395 430 501 488 tamen
517 441 677 501 recusare,
702 419 731 488 si
747 420 969 503 hcessantun,
990 443 1020 508 qu

146 517 349 598 contendant,
374 517 460 602 quod
478 513 708 584 Germanomm
729 517 936 584 consuetudo
957 515 1020 584 sita

145 613 206 682 bus
228 611 355 691 medita,
381 613 570 697 quicumque
587 610 706 678 bellum
725 609 885 692 ulerunt,
911 612 1020 679 resiste

146 706 315 797 deprecari.
362 705 441 772 baec
466 715 572 773 tamen
597 705 713 786 dicere,
743 706 877 774 venisse
902 706 1020 787 invitos,

146 804 250 870 domo.
294 802 322 868 si
344 823 434 868 suam
456 801 590 889 gratiam
606 799 743 867 Romani
763 799 881 881 velint,
909 823 1020 889 posse:

147 920 218 965 esse
239 896 371 976 amicos3
396 893 448 961 vel
470 894 531 962 sibi
552 915 645 982 agros
671 893 845 962 attribuant
871 895 928 963 vel
948 895 1020 984 palis

147 1003 267 1072 tenere,
289 1013 369 1076 quos
392 989 487 1057 armis
508 988 718 1077 possederint:
745 1011 818 1056 sese
839 991 919 1058 unis
938 989 1020 1060 Sueb

148 1088 236 1166 dere,
263 1085 378 1171 quibus
400 1106 440 1152 ne
462 1084 507 1150 dii
531 1084 658 1170 quidem
679 1084 875 1151 immortales
899 1107 1020 1173 pares<

148 1181 223 1261 sint3
245 1180 400 1266 reliquum
416 1179 544 1265 quidem
560 1178 594 1244 in
610 1178 700 1244 terris
718 1200 787 1246 esse
805 1179 984 1260 neminem,
1004 1202 1020 1266 q

112 1294 129 1345 8
148 1297 295 1364 superare
311 1273 442 1362 possint.
469 1272 606 1340 adhaec
624 1271 743 1340 Caesar
759 1295 842 1359 quae
859 1274 970 1341 visum
987 1297 1020 1342 es

147 1373 207 1453 dit3
235 1372 291 1438 sed
308 1370 409 1437 exitus
427 1369 489 1435 fuit
504 1368 666 1436 orationis:
692 1367 754 1435 sibi
768 1368 893 1436 nullam
911 1391 986 1437 cum
1005 1369 1020 1435 b

147 1469 224 1534 tiam
246 1488 317 1532 esse
337 1485 447 1552 posse,
474 1463 556 1530 siin
579 1461 684 1531 Gallia
699 1473 915 1546 remanerent3
941 1486 1020 1552 nequ

148 1583 227 1641 esse,
246 1561 300 1647 qui
318 1582 392 1626 suos
409 1558 488 1624 fines
507 1558 588 1624 tueri
604 1581 668 1625 non
682 1558 848 1645 potuerint,
858 1559 994 1634 ,alienos
1011 1582 1020 1626 t

147 1676 249 1742 neque
266 1655 347 1721 ullos
365 1654 398 1718 in
416 1650 522 1720 Gallia
537 1675 650 1720 vacare
668 1675 775 1741 agros,
801 1653 857 1738 qui
873 1653 947 1720 dari
968 1663 1020 1721 tan

149 1750 256 1817 sertim
272 1747 464 1814 multitudini
481 1748 549 1814 sine
565 1746 678 1814 iniuria
698 1747 835 1834 possint;
863 1749 925 1815 sed
945 1749 1020 1816 licer

148 1845 219 1925 lint,
246 1843 280 1909 in
306 1840 462 1910 Ubiorum
487 1841 602 1909 finibus
629 1842 805 1921 considere,
831 1863 970 1928 quorum
996 1843 1020 1910 si

118 1949 122 1958 '
149 1937 234 2026 apud
251 1958 286 2004 se
304 1945 335 2003 et
356 1936 396 2002 de
415 1931 593 2002 Sueborum
614 1936 735 2002 iniuriis
757 1945 931 2022 querantur
952 1947 985 2004 et
1002 1960 1020 2004 a

116 2053 132 2105 9
150 2033 228 2101 lium
249 2039 371 2120 petant:
397 2029 458 2097 hoe
476 2051 511 2097 se
528 2029 622 2097 Ubiis
644 2030 879 2118 imperatumm.
925 2029 1020 2120 legati

149 2129 191 2195 ad
208 2148 282 2195 suos
299 2123 452 2192 relaturos
469 2124 614 2190 dixerunt
630 2134 662 2190 et
677 2147 712 2191 re
730 2123 902 2190 deliberata
923 2134 999 2213 post
1015 2149 1020 2186 ι

150 2223 228 2290 tium
245 2221 287 2290 ad
301 2218 471 2288 Caesarem
487 2241 681 2286 reversuros:
699 2219 817 2286 interea
829 2241 869 2285 ne
881 2219 1013 2307 propius

150 2326 298 2396 moveret,
316 2316 482 2404 petierunt.
516 2336 556 2381 ne
573 2313 606 2380 id
624 2314 751 2399 quidem
769 2312 888 2381 ansar
906 2313 948 2381 ab
966 2316 1020 2381 sei

150 2435 245 2500 posse
263 2411 350 2477 dixit.
396 2417 585 2498 cognoverat
602 2407 695 2488 enim,
715 2430 863 2496 magnam
878 2418 1020 2496 partem¹

150 2506 191 2573 ab
209 2506 247 2572 iis
265 2505 383 2590 aliquot
401 2503 512 2570 diebus
525 2512 596 2570 ante
609 2504 780 2590 praedandi
792 2502 1020 2590 frumentandiq

152 2601 192 2667 ad
218 2598 434 2665 Ambivaritos
465 2608 550 2665 bans
576 2597 705 2666 Mosam
734 2598 879 2665 missam:
914 2597 972 2664 hos
1003 2622 1020 2665 e

152 2694 272 2780 equites
291 2703 385 2779 atque
402 2693 469 2759 eius
486 2694 533 2759 rei
550 2714 646 2760 causa
658 2714 779 2759 moram
791 2692 946 2780 interponi
959 2692 1020 2760 arbi

103 2807 134 2858 10
216 2787 313 2854 Mosa
325 2787 452 2875 profluit
464 2811 504 2854 ex
517 2797 622 2854 monte
635 2785 776 2876 Vosego,
794 2787 849 2873 qui
862 2795 911 2853 est
923 2787 957 2853 in
969 2787 1020 2853 fini

153 2905 281 2973 ganum,
301 2892 333 2948 et
344 2892 433 2970 parte
445 2885 582 2969 quadam
592 2905 632 2949 ex
640 2882 753 2950 Rheno
761 2891 896 2970 recepta,
915 2905 1020 2969 quaes

153 2977 302 3057 Vacalus,
311 2977 447 3044 insulam
457 2978 553 3044 efficit
560 2977 762 3056 Batavorum,
775 2998 878 3063 neque
885 2976 1012 3067 longius

153 3071 279 3140 milibus
296 3094 448 3160 passuum
460 3072 603 3138 LXXX
616 3074 649 3138 in
664 3069 830 3139 Oceanum
845 3071 957 3139 influit
980 3073 1020 3139 Rl

154 3177 218 3234 tem
227 3165 324 3233 oritur
333 3189 373 3232 ex
384 3167 561 3254 Lepontiis,
579 3167 633 3251 qui
641 3165 743 3254 Alpes
755 3165 905 3245 incolunt,
924 3175 956 3233 et
967 3165 1020 3233 lon

154 3261 305 3351 perfines
322 3259 536 3341 Nantuatium,
555 3261 783 3340 Helvetiorum,
804 3257 1020 3347 Sequanorum

156 3357 328 3437 matricum,
348 3357 567 3436 Tribocorum,
586 3357 796 3426 Treverorum
814 3357 928 3423 citatus
946 3356 1020 3424 ferta

156 3448 286 3518 Oceano
304 3453 572 3540 appropinquavit,
589 3453 621 3517 in
639 3452 744 3539 plures
763 3451 870 3518 defluit
886 3461 992 3539 partes
1011 3476 1020 3518 1

155 3544 363 3634 gentibusque
385 3548 495 3614 insulis
518 3546 652 3626 effectis,
679 3567 812 3632 quarum
833 3568 907 3633 pars
929 3569 1020 3635 magt

154 3639 357 3726 barbarisque
373 3640 550 3709 nationibus
564 3641 717 3719 incolitur,
737 3639 904 3726 exquibus
918 3650 1002 3720 sunt,

155 3733 216 3802 bus
234 3744 327 3821 atque
345 3736 413 3801 ovis
431 3737 536 3802 avium
550 3737 654 3803 vivere
668 3735 893 3813 existimantur,
912 3735 1020 3803 multis

156 3828 239 3895 tibus
256 3828 290 3894 in
304 3825 469 3898 Oceanum
485 3830 596 3897 influit

106 3943 137 3995 11
220 3922 339 3992 ansar
356 3945 428 3992 cum
444 3925 485 3992 ab
502 3926 592 3992 hoste
608 3947 672 3993 non
689 3924 823 4011 amplius
841 3947 994 4010 passuum
1012 3926 1020 3992 2

148 4015 211 4088 bus
218 4018 356 4106 abesset,
375 4029 411 4091 ut
421 4029 488 4092 erat
497 4021 718 4101 constitutum,
735 4020 780 4085 ad
786 4017 1020 4101 cmnthauac
