2528 4336
201 239 264 310 164
514 257 711 315 uaesano
730 257 897 317 eunuco

147 397 179 448 21
198 380 369 448 mittantur.
406 382 467 448 hoc
485 383 629 451 omnibus
646 381 777 470 probato
795 383 925 451 consilio
944 382 1109 453 Commius
1127 383 1218 452 Atre-

198 474 255 542 bas
282 478 323 543 ad
344 500 398 543 eos
421 476 562 565 confugit
584 474 773 557 Germanos,
801 501 821 544 a
845 477 959 564 quibus
985 479 1081 545 adid
1102 478 1218 547 bobum

198 573 313 640 auxilia
325 580 484 638 mutuatus
500 581 575 638 crat.
594 573 1039 662 ceterievestigiomittuntad
1049 571 1219 641 Caesarem

197 669 317 756 legatos
329 676 511 755 petuntque,
530 675 564 732 ut
577 689 615 732 ea
626 689 729 754 poena
741 668 781 734 sit
790 677 953 734 contentus
961 667 1110 748 hostium,
1124 691 1219 756 quam

197 764 226 830 si
251 763 319 829 sine
340 761 538 828 dimicatione
559 761 673 828 inferre
695 762 824 850 integris
849 773 970 850 posset,
995 784 1054 850 pro
1076 785 1137 830 sua
1158 764 1220 831 cle·

197 857 314 924 mentia
338 865 431 941 atque
457 855 649 922 humanitate
674 877 846 941 numquam
870 857 1010 942 profecto
1036 866 1122 924 esset
1152 858 1220 924 illa-

197 964 296 1020 turus.
340 950 472 1017 afflictas
491 972 566 1037 opes
585 953 722 1036 equestri
738 950 855 1036 proelio
871 950 1112 1018 Bellovacorum
1127 974 1218 1032 -esse3

198 1048 387 1114 delectorum
412 1046 553 1131 peditum
574 1045 779 1111 multamilia
803 1046 960 1125 interisse,
987 1047 1042 1112 vix
1062 1046 1219 1135 refugisse

197 1141 323 1208 nuntios
350 1140 464 1206 caedis.
509 1149 613 1205 tamen
639 1162 789 1228 magnum
814 1149 850 1206 ut
875 1141 909 1205 in
934 1149 1022 1206 tanta
1043 1139 1219 1207 calamitate

197 1235 382 1303 Bellovacos
401 1256 438 1299 eo
459 1234 577 1321 proelio
599 1235 798 1301 commodum
815 1257 886 1302 esse
907 1244 1109 1314 consecutos,
1135 1236 1219 1321 quod

198 1331 349 1408 Correus,
368 1339 476 1395 auctor
492 1328 580 1409 belli,
599 1330 767 1396 concitator
784 1329 1004 1410 multitudinis,
1023 1339 1110 1397 esset
1125 1330 1219 1396 inter·

197 1427 309 1494 fectus.
352 1446 523 1508 numquam
545 1423 630 1490 enim
650 1434 793 1491 senatum
821 1434 941 1490 tantum
961 1426 996 1490 in
1017 1425 1143 1491 civitate
1166 1424 1218 1490 illo

146 1543 179 1593 22
196 1524 269 1589 vivo
287 1527 438 1605 quantum
454 1517 629 1604 imperitam
645 1518 769 1605 plebem
786 1520 935 1606 potuisse.
961 1519 1040 1585 haee
1051 1519 1218 1586 *orantibus

197 1615 310 1705 legetis
341 1622 563 1679 commemorat
589 1612 721 1680 Caesar:
753 1615 863 1680 eodem
894 1624 1033 1700 tempore
1059 1613 1218 1701 superiore

198 1732 279 1776 anno
300 1707 486 1774 Bellovacos
514 1715 694 1792 ceterasque
723 1704 845 1774 Galliae
872 1709 1013 1774 civitates
1039 1707 1217 1794 suscepisse

197 1802 328 1871 bellum:
354 1800 600 1888 pertinacissime
622 1801 681 1867 hos
699 1825 739 1867 ex
756 1801 901 1869 omnibus
922 1802 956 1867 in
978 1802 1133 1870 sententia
1148 1825 1219 1890 per·

197 1897 351 1964 mansisse
376 1916 477 1980 neque
503 1896 544 1960 ad
570 1896 734 1961 sanitatem
755 1896 944 1981 reliquorum
964 1896 1123 1963 deditione
1148 1919 1218 1964 esse

197 1992 374 2079 perductos.
420 1988 498 2055 seire
520 1997 613 2074 atque
635 1991 815 2079 intellegere
832 2013 867 2057 se
885 2011 1013 2056 caueam
1033 1990 1156 2077 peccati
1172 1990 1219 2056 fa

197 2087 310 2153 cillime
332 2084 462 2150 mortuis
484 2083 630 2172 delegari.
674 2086 830 2152 neminem
851 2106 926 2152 vero
948 2093 1069 2150 tantum
1090 2085 1217 2172 pollere,

197 2191 232 2247 ut
253 2181 358 2247 invitis
383 2179 589 2266 principibus,
616 2180 778 2246 resistente
805 2189 928 2258 senatu,
954 2178 1101 2246 omnibus
1127 2179 1218 2246 bonis

197 2275 441 2363 repugnantibus
468 2274 592 2339 infirma
617 2297 712 2340 manu
737 2273 838 2361 plebis
863 2273 981 2342 bellum
1007 2272 1163 2340 concitare
1188 2283 1218 2338 et

196 2392 304 2458 gerere
325 2381 442 2456 posset.
487 2369 543 2434 sed
565 2379 726 2436 tamense
751 2378 931 2436 contentum
955 2368 1022 2435 fore
1045 2390 1083 2434 ea
1107 2390 1218 2455 poena,

146 2483 179 2532 23
197 2485 292 2548 quam
310 2463 369 2530 sibi
391 2462 453 2548 ipsi
474 2465 710 2531 contraxissent.
754 2473 844 2530 noete
861 2463 1038 2548 insequenti
1058 2462 1156 2551 legati
1172 2485 1219 2528 re-

198 2582 313 2646 sponsa
334 2558 375 2623 ad
393 2579 466 2623 suos
484 2556 635 2637 referunt,
664 2558 789 2626 obsides
812 2559 987 2625 conficiunt
1032 2568 1220 2624 concurrunt

196 2651 384 2737 reliquarum
402 2651 574 2716 civitatium
590 2650 700 2739 legati,
723 2676 803 2738 quae
819 2652 1060 2720 Bellovacorum
1076 2652 1220 2738 specula

196 2746 310 2812 bantur
327 2753 487 2823 eventum3
514 2744 641 2812 obsides
660 2747 749 2827 dant,
774 2749 927 2833 imperata
946 2746 1067 2814 faciunt
1089 2756 1220 2833 excepto

199 2837 357 2916 Commi0,
384 2859 479 2922 quem
501 2838 593 2904 timor
617 2839 802 2926 prohibebat
823 2841 1007 2926 cuiusquam
1033 2839 1108 2905 fidei
1131 2863 1220 2906 suam

197 2931 388 2998 committere
407 2930 548 2998 salutem.
578 2956 651 2999 nam
670 2934 828 3021 superiore
846 2957 928 3000 anno
945 2933 1037 3000 Titus
1055 2931 1219 3000 Labienus

199 3024 335 3092 Caesare
361 3026 394 3090 in
417 3023 522 3093 Gallia
547 3026 686 3095 citeriore
708 3029 757 3094 ius
780 3028 915 3106 dicente,
941 3049 1015 3093 cum
1038 3026 1220 3094 Commium

198 3120 401 3207 comperisset
428 3119 592 3186 sollicitare
620 3122 760 3187 civitates
787 3130 818 3186 et
843 3121 1086 3187 coniurationem
1113 3131 1220 3187 contra

198 3214 368 3282 Caesarem
383 3214 498 3293 facere,
516 3215 729 3281 infidelitatem
747 3216 814 3280 eius
832 3215 900 3281 sine
917 3215 981 3281 ulla
994 3215 1128 3301 perfidia
1140 3215 1220 3280 iudi-

197 3309 279 3375 cavit
296 3309 459 3395 comprimi
474 3331 577 3396 posse.
613 3331 707 3394 quem
725 3310 798 3394 quia
818 3332 883 3375 non
900 3308 1111 3375 arbitrabatur
1129 3321 1220 3376 voca·

196 3411 263 3467 tum
284 3402 318 3468 in
339 3412 441 3469 castra
461 3412 641 3480 venturum,
667 3424 707 3468 ne
728 3404 875 3468 tentando
900 3402 1071 3469 cautiorem
1093 3401 1219 3481 faceret,

198 3493 314 3563 Gaium
331 3493 528 3562 Volusenum
546 3494 741 3579 Quadratum
759 3498 856 3575 misit,
883 3498 938 3582 qui
955 3518 1028 3562 eum
1048 3519 1107 3583 per
1124 3497 1221 3562 simu·

195 3590 344 3655 lationem
361 3590 496 3675 colloqui
512 3601 634 3656 curaret
651 3591 907 3658 interficiendum.
934 3590 976 3657 ad
994 3613 1064 3656 eam
1080 3612 1150 3657 rem
1166 3591 1221 3656 de-

195 3685 293 3751 lectos
315 3685 444 3751 idoneos
467 3685 496 3750 ei
518 3686 611 3751 tradit
632 3686 837 3752 centuriones.
881 3707 954 3752 eum
974 3686 1008 3751 in
1029 3684 1221 3772 colloquium

195 3789 326 3844 ventum
343 3789 436 3858 esset.
455 3788 499 3856 et,
518 3788 553 3845 ut
570 3790 765 3859 convenerat,
783 3802 911 3845 manum
930 3779 1067 3847 Commii
1083 3777 1219 3846 Voluse-

189 3895 253 3940 nus
268 3872 463 3962 arripuisset,
482 3874 622 3940 centurio
638 3872 691 3939 vel
705 3874 829 3941 insueta
844 3896 879 3940 re
896 3883 1057 3960 permotus
1074 3873 1127 3939 vel
1139 3873 1219 3940 eele-

173 3966 256 4032 rr'ter
270 3991 292 4034 a
309 3968 527 4040 familiaribus
545 3969 729 4060 prohibitus
746 3969 887 4037 Commii
901 3968 1222 4032 canbeerelnerdmem

158 4079 231 4124 non
245 4064 376 4148 pottdt3
406 4068 558 4157 graviter
581 4077 694 4135 tamen
713 4065 822 4154 primo
840 4064 913 4129 ictu
932 4058 1039 4144 ult-3¹¹³
1058 4066 1156 4138 eaput
1169 4076 1239 4138 Ψ·
