2414 4336
156 229 219 297 128
474 242 527 299 Dii
544 242 672 300 BELLO
692 240 861 302 Gannico

155 377 248 453 atque
264 367 370 455 inopia
386 367 504 434 refecit
547 369 611 434 iam
627 389 725 455 prope
742 368 845 433 hicme
864 367 1008 434 confecta
1025 390 1058 434 cu

155 463 228 529 anui
246 472 383 549 tempore
401 464 442 529 ad
458 464 631 551 gerendum
647 463 765 530 bellum
780 473 949 530 uocaretur
963 462 1058 529 etad]

154 556 310 643 proficisci
332 557 556 636 constituisset,
584 557 651 625 siue
673 580 746 624 eum
771 580 812 624 ex
836 557 1010 644 paludibus
1031 557 1058 624 si

155 652 265 718 elicere
284 651 350 718 sive
368 651 531 719 obsidione
546 673 688 739 premere
705 661 823 739 posset,
840 652 941 740 legati
960 653 1058 718 adem

154 747 240 833 cipes
257 746 465 813 Haeduorum
481 747 610 813 veniunt
627 755 762 826 oratum,
789 756 825 811 ut
847 747 1058 813 maximenon

154 855 294 931 tempore
312 843 429 910 ciuitati
451 844 630 911 subveniat:
658 864 781 910 summo
803 864 875 908 esse
893 843 927 907 in
949 842 1058 929 pericu]

153 940 254 1026 quod,
272 962 345 1006 cum
363 939 479 1028 singuli
496 940 698 1028 magistratus
716 937 888 1022 antiquitus
906 938 1008 1003 creari
1025 946 1058 1002 at

153 1036 240 1123 giam
255 1043 441 1121 potestatem
460 1057 577 1100 anuum
594 1032 734 1101 obtinere
752 1040 976 1112 consuessent,
1005 1032 1058 1098 duc

154 1137 285 1196 stratum
302 1138 413 1216 gerant
430 1138 461 1195 et
479 1152 514 1195 se
531 1138 662 1214 uterque
679 1149 787 1194 eorum
808 1125 935 1214 legibus
955 1136 1058 1192 creatu

154 1225 246 1291 dicat
290 1225 402 1291 horum
418 1247 489 1292 esse
507 1225 639 1291 alterum
657 1217 953 1302 Conuictolitauem,
973 1223 1058 1290 florei

152 1319 304 1385 illustrem
322 1318 566 1398 adulescentem,
589 1319 721 1384 alterum
740 1316 871 1396 Cotum,
894 1318 1058 1403 antiquissi

154 1413 240 1479 milia
260 1423 370 1480 uatum
391 1423 484 1500 atque
505 1415 610 1500 ipsum
633 1413 791 1479 hominem
809 1435 956 1479 summae
978 1421 1058 1499 poter

153 1530 287 1596 magnae
304 1508 509 1596 cognationis,
528 1507 617 1574 cuius
634 1508 732 1574 frater
742 1505 927 1574 Valetiacus
941 1507 1058 1594 proxiu

154 1602 288 1669 eundem
309 1602 526 1690 magistratum
548 1603 690 1689 gesserit
732 1601 889 1667 ciuitatem
912 1623 1044 1668 omnem

63 1736 68 1746 ·
154 1697 263 1776 armis3
282 1697 419 1764 diuisum
437 1705 589 1776 senatum,
608 1696 744 1763 diuisum
757 1694 920 1784 populum,
942 1719 1019 1763 suas
1033 1718 1058 1762 cu

154 1813 261 1857 eorum
278 1791 448 1858 clientelas.
475 1792 559 1877 quod
578 1792 605 1858 si
618 1791 734 1858 diutius
749 1791 849 1857 alatur
862 1791 1058 1858 controversi

153 1885 199 1950 uti
215 1906 289 1972 pars
307 1907 380 1951 cum
395 1893 484 1972 parte
502 1885 635 1951 ciuitatis
653 1885 809 1972 confligat.
853 1884 887 1950 id
903 1907 947 1951 ne
970 1886 1058 1951 accid

103 1996 135 2045 33
154 1979 249 2044 situm
266 1979 299 2044 in
317 1978 384 2044 eius
402 1977 564 2066 diligentia
580 1988 674 2064 atque
691 1978 884 2044 auctoritate.
932 1978 1058 2057 Caesar,

94 2128 99 2140 .
153 2072 236 2140 bello
261 2082 355 2159 atque
381 2073 472 2139 hoste
493 2073 654 2139 discedere
680 2073 940 2138 detrimentosum
971 2095 1042 2139 esse

152 2167 268 2247 mabat,
287 2177 393 2234 tamen
410 2190 474 2235 non
490 2168 653 2255 ignoraus,
672 2176 789 2252 quanta
805 2188 846 2232 ex
863 2166 1058 2234 dissensioni

153 2262 318 2329 commoda
343 2262 416 2328 oriri
442 2271 660 2340 consuessent,
687 2283 728 2327 ue
753 2271 840 2327 tanta
866 2269 898 2326 et
924 2270 989 2327 tam
1017 2283 1058 2326 cos

152 2355 269 2443 populo
287 2356 431 2422 Romano
449 2355 574 2435 civitas,
592 2377 688 2441 quam
705 2354 774 2441 ipse
792 2376 915 2441 semper
934 2354 1058 2421 aluisset

152 2450 276 2536 busque
301 2450 395 2517 rebus
423 2458 578 2529 ornasset,
605 2450 645 2515 ad
667 2448 732 2514 uim
754 2458 847 2534 atque
873 2449 915 2514 ad
937 2449 1058 2515 armai

154 2545 255 2623 deret,
277 2553 371 2630 atque
389 2567 427 2611 ea
442 2566 530 2632 pars,
553 2566 634 2631 quae
651 2545 755 2610 minus
774 2542 834 2610 sibi
852 2543 1036 2623 confideret,

154 2636 440 2726 aVereingetorige
453 2649 634 2718 arcesseret,
652 2637 727 2703 huic
738 2638 784 2704 rei
795 2639 1056 2724 praeuertendum

153 2731 251 2798 mavit
269 2742 309 2812 et,
327 2733 412 2818 quod
428 2732 552 2820 legibus
571 2732 777 2798 Haeduorum
793 2731 843 2809 iis,
863 2732 919 2816 qui
936 2753 1058 2798 summu

153 2827 320 2914 gistratum
338 2825 525 2906 obtinerent,
552 2827 703 2893 excedere
721 2848 760 2892 ex
776 2825 891 2892 finibus
909 2848 974 2892 uon
992 2825 1058 2891 lices

154 2920 230 3006 quid
251 2920 291 2985 de
308 2919 375 2986 iure
396 2929 450 2986 aut
467 2921 507 2986 de
528 2920 651 3008 legibus
671 2941 780 2986 eorum
797 2918 991 2985 deminuisse
1012 2919 1058 2985 uid

154 3013 277 3102 ipsein
293 3012 446 3080 Haeduos
467 3014 623 3101 proficisci
645 3014 752 3081 statuit
777 3023 984 3099 senatumque
1007 3036 1058 3080 om

154 3131 234 3194 quos
259 3108 293 3172 in
306 3131 340 3174 er
365 3109 575 3175 controuersia
600 3117 684 3175 esset
709 3108 750 3174 ad
776 3129 811 3174 se
831 3105 1000 3172 Decetiam
1026 3129 1058 3173 eu

154 3225 226 3269 cum
251 3225 348 3290 prope
374 3204 476 3270 omnis
503 3202 612 3269 ciuitas
639 3224 677 3269 eo
703 3201 914 3280 conuenisset,
943 3202 1058 3268 docere

153 3298 262 3383 paucis
280 3297 361 3363 clam
375 3297 554 3364 conuocatis
567 3297 628 3363 alio
640 3297 719 3376 loco,
738 3295 799 3363 alio
813 3306 963 3383 tempore,
983 3306 1058 3382 atqu

154 3390 255 3469 tuerit,
274 3390 401 3458 fratrem
419 3415 439 3458 a
455 3391 550 3458 fratre
562 3391 783 3468 renuntiatum,
801 3412 873 3456 cum
886 3389 975 3477 leges
989 3391 1051 3456 duo

154 3483 274 3550 familia
294 3485 367 3552 uiuo
388 3496 520 3572 utroque
541 3508 605 3552 uon
628 3485 729 3552 solum
752 3484 954 3571 magistratus
977 3505 1058 3550 crear

153 3586 236 3656 rent,
260 3578 316 3644 sed
334 3580 428 3645 etiam
444 3580 477 3647 iu
496 3589 606 3647 senatu
624 3601 694 3646 esse
711 3577 925 3665 prohiberent,
946 3576 1058 3644 Cotum

153 3671 234 3737 rium
247 3672 403 3757 deponere
416 3675 528 3762 eadgit,
548 3672 840 3751 Conuictolitauem,
859 3672 914 3758 qui
926 3695 983 3759 per
1002 3694 1058 3739 sac

153 3787 240 3832 more
258 3765 390 3832 civitatis
408 3767 593 3834 intermissis
611 3765 847 3855 magistratibus
866 3775 950 3832 esset
967 3775 1058 3833 oreas

154 3871 300 3928 testatem
316 3862 456 3929 obtinere
473 3863 574 3930 iussit.

106 3975 137 4025 ³4
218 3956 293 4025 Hoc
304 3958 429 4024 decreto
441 3956 623 4044 interposito
638 3957 816 4024 cohortatus
825 3955 991 4036 Haeduos,
1010 3966 1058 4022 ut¹

158 4051 330 4119 uersiarum
348 4074 385 4119 ac
402 4051 632 4118 dissensionum
648 4050 904 4119 obliviscerentur
921 4059 1017 4136 atque
1033 4072 1058 4117 or
