2414 4336
155 151 196 219 84
477 164 530 220 DE
547 160 676 219 BELLO
695 159 868 220 cadmeo

152 288 340 378 perducitur.
358 289 484 356 undem
493 289 547 354 dat
556 286 653 354 Cotta
660 294 822 374 permotus
832 308 964 354 manus:
976 310 1056 377 super

153 385 249 450 tentia
264 382 384 451 Sabini.
415 383 631 472 pronuntiatur
648 382 750 468 prima
766 381 838 448 luce
853 380 966 450 ituros.
990 406 1056 451 3333

153 478 269 567 vigiliis
282 479 402 564 reliqua
413 478 606 566 parsnoctis,
625 497 722 561 quum
731 477 938 562 suaquisque
950 477 1056 546 milese

154 574 300 660 spiceret,
319 573 397 658 quid
414 595 524 639 secum
540 580 664 658 portare
680 578 802 658 posset,
821 571 901 656 quid
919 594 960 639 ex
975 573 1056 640 insul

152 667 353 734 hibernorum
384 667 558 751 relinquere
589 673 762 753 cogeretur.
815 665 925 732 omnia
957 668 1056 754 excogi

154 783 249 847 quare
267 783 325 827 nec
344 761 411 827 siue
427 760 567 847 periculo
585 767 762 839 maneatur,
781 768 813 825 et
829 758 984 848 languore
1000 762 1056 826 mili

153 854 269 943 vigiliis
287 854 463 941 periculum
479 863 642 942 augeatur.
669 852 770 940 prima
785 852 858 921 luce
875 854 924 920 sic
937 877 978 920 ex
990 865 1056 921 castr

152 949 349 1027 ficiscuntur,
366 958 403 1013 ut
419 948 535 1034 quibus
554 957 638 1014 esset
654 969 843 1034 persuasum
859 971 926 1015 non
943 949 984 1016 ab
1001 949 1056 1016 hos

153 1043 194 1111 ab
211 1043 338 1110 homine
360 1043 551 1110 amicissimo
568 1042 756 1131 Ambiorige
778 1043 947 1110 consilium
968 1045 1056 1111 datur

103 1160 136 1208 32
154 1139 286 1227 gissimo
317 1138 442 1226 agmine
472 1139 681 1224 maximisque
710 1138 954 1224 impedimentis.
1004 1149 1034 1204 at

152 1242 358 1321 posteaquam
375 1255 415 1298 ex
432 1242 584 1299 nocturno
602 1231 730 1297 fremitu
742 1232 925 1318 vigiliisque
937 1233 979 1298 de
991 1233 1056 1320 prol

153 1349 262 1394 eorum
281 1336 459 1405 senserunt,
482 1325 641 1393 collocatis
664 1325 787 1393 insidiis
806 1325 954 1412 bipertito
972 1327 1007 1392 in
1022 1327 1056 1393 sil

152 1431 287 1510 portuno
314 1430 408 1507 atque
435 1421 558 1487 occulto
584 1420 654 1487 loco
680 1443 700 1486 a
724 1419 852 1486 milibus
877 1443 1034 1506 passuum

154 1516 278 1583 duobus
300 1516 516 1583 Romanorum
537 1515 710 1581 adventum
732 1514 975 1602 exspectabant,
1002 1525 1056 1582 etr

154 1611 254 1676 maior
281 1632 354 1697 pars
386 1610 520 1698 agminis
551 1611 585 1675 in
610 1632 759 1697 magnam
793 1610 971 1676 convallem
996 1611 1056 1678 den

155 1727 196 1770 ex
212 1713 344 1790 utraque
365 1714 454 1791 parte
473 1705 541 1770 eius
559 1703 650 1770 vallis
673 1703 778 1770 subito
801 1726 836 1771 se
857 1705 1056 1772 ostenderunt

156 1799 314 1883 simusque
330 1820 471 1885 premere
489 1808 520 1865 et
536 1800 654 1886 primos
672 1798 836 1885 prohibere
853 1820 991 1883 ascensu
1013 1810 1056 1885 atq

105 1917 137 1965 33
155 1893 308 1980 quissimo
324 1893 439 1960 nostris
452 1894 521 1960 loeo
534 1893 687 1981 proelium
700 1893 893 1959 committere
908 1915 1056 1981 coeperun

156 1989 283 2054 demum
296 1987 446 2067 Titurius,
465 1998 501 2054 ut
517 1988 572 2073 qui
588 1987 667 2052 nihil
679 1996 752 2053 ante
763 1987 963 2073 providisset,
983 1989 1056 2075 trepi

156 2103 341 2149 concursare
358 2081 564 2166 cohortesque
577 2082 752 2168 disponere,
771 2081 849 2147 haec
874 2089 982 2148 tamur
993 2082 1056 2169 ipsa

156 2187 250 2265 atque
267 2187 303 2243 ut
319 2199 391 2244 eum
409 2177 514 2244 omnia
530 2175 664 2243 deficere
680 2176 874 2257 viderentur3
897 2178 984 2262 quod
999 2178 1056 2265 pler

156 2273 196 2340 iis
213 2273 354 2340 accidere
367 2271 539 2350 consuevit,
557 2271 612 2356 qui
624 2270 740 2358 inipso
752 2271 879 2359 negotio
893 2272 1053 2338 consilium

157 2377 320 2456 coguntur.
364 2376 396 2433 at
415 2364 523 2444 Cotta,
546 2365 602 2451 qui
623 2365 793 2452 cogitasset
810 2366 890 2432 haec
906 2388 1002 2453 posse
1022 2367 1052 2430 in

157 2463 297 2530 accidere
323 2471 417 2547 atque
444 2460 484 2527 ob
512 2483 582 2526 eam
609 2481 740 2526 causam
761 2459 964 2547 profectionis
992 2468 1056 2526 auct

156 2557 283 2634 ficisset,
305 2555 391 2621 nulla
407 2555 440 2619 in
457 2577 491 2620 re
509 2554 667 2622 communi
690 2553 784 2620 saluti
801 2553 909 2620 decrat
926 2555 1008 2620 etin
1024 2577 1056 2639 ap

158 2650 207 2716 dis
225 2648 485 2733 cohortandisque
507 2646 658 2714 militibus
680 2647 874 2735 imperatoris
897 2657 930 2714 et
951 2648 985 2714 in
1001 2670 1056 2735 pug

157 2743 220 2810 litis
239 2743 343 2810 officia
360 2741 547 2828 praestabat.
574 2765 648 2809 cum
663 2751 791 2829 propter
807 2743 1056 2829 longitudinems

157 2838 261 2904 minus
279 2837 371 2903 facile
390 2837 494 2902 omnia
509 2859 566 2923 per
583 2848 618 2903 se
636 2835 722 2903 obire
741 2845 786 2916 et,
809 2836 885 2921 quid
907 2858 1032 2922 quoque
1047 2835 1056 2900 1

158 2933 304 2999 ciendum
322 2941 418 3011 esset,
444 2931 609 3019 providere
626 2940 769 3019 possent,
796 2931 956 2997 iusserunt
971 2953 1056 3017 proni

157 3038 193 3095 ut
208 3025 431 3114 impedimenta
446 3025 657 3111 relinquerent
674 3036 768 3111 alque
788 3026 822 3091 in
840 3025 948 3092 orbem
967 3027 1056 3092 consi

157 3124 244 3209 quod
260 3120 424 3189 consilium
441 3121 500 3187 etsi
512 3121 547 3186 iu
559 3121 712 3187 eiusmodi
726 3142 801 3186 casu
813 3119 1056 3206 reprehendendi

159 3229 221 3297 est,
247 3225 352 3284 tamen
372 3215 569 3282 incommode
591 3215 718 3282 accidit:
743 3238 819 3280 nam
841 3225 872 3280 et
892 3215 1011 3281 nostris
1034 3239 1056 3280 n

159 3335 248 3398 spem
265 3311 376 3377 minuit
393 3321 425 3376 et
441 3311 547 3378 hostes
566 3312 607 3376 ad
623 3332 763 3398 pugnam
781 3308 948 3376 alacriores
966 3309 1056 3377 effeci

158 3429 222 3471 nou
244 3406 311 3473 sine
333 3429 456 3473 summo
479 3407 588 3473 timore
611 3415 643 3471 et
664 3405 880 3492 desperatione
901 3403 935 3469 id
955 3403 1056 3470 factm

159 3498 259 3566 batur.
285 3511 446 3586 praeterea
463 3501 585 3578 accidit,
604 3500 690 3584 quod
707 3499 774 3565 fieri
791 3520 921 3565 neeesse
940 3508 1017 3578 erat,
1036 3523 1056 3564 u

159 3593 273 3660 milites
291 3593 331 3660 ab
350 3594 448 3681 signis
471 3594 680 3673 discederent,
707 3615 788 3679 quae
805 3593 939 3679 quisque
962 3614 1056 3660 eoruu

160 3689 240 3754 sima
256 3686 398 3768 haberet,
417 3687 457 3755 ab
475 3689 704 3775 impedimentis
722 3697 939 3774 peterentque
957 3690 1056 3777 anipe

110 3802 143 3852 34
160 3793 290 3872 peraret,
309 3784 443 3852 clamore
461 3795 493 3851 et
509 3786 583 3852 fletu
602 3786 706 3852 omnia
723 3783 961 3872 complerentur.
991 3783 1056 3852 atl

161 3879 325 3946 consilium
346 3902 410 3946 non
431 3879 538 3946 defuit
583 3903 657 3947 nam
678 3880 773 3947 duces
797 3902 905 3947 eorum
927 3888 994 3946 tots
1021 3903 1056 3947 ac

159 3971 301 4043 nuntiare
309 3974 476 4053 iussertmt,
493 3975 617 4060 nequis
632 3973 672 4044 ab
685 3974 755 4042 loco
767 3975 956 4042 discederet:
973 3973 1056 4044 illorr
