2414 4336
342 250 459 332 coum
476 276 512 333 v.
530 276 648 334 12-1c.
966 263 1007 332 tt

10 398 106 467 tium
124 411 173 466 est
187 409 295 466 eontra
310 401 546 485 septentriones,
565 402 616 466 cui
633 402 714 488 parti
726 400 813 466 nulla
826 411 874 467 est
887 400 1009 468 obiecta

10 504 70 574 n,
89 496 149 562 sed
166 496 234 561 eius
248 495 381 582 angulus
395 495 499 561 lateris
514 496 650 561 maxime
665 495 706 560 ad
721 493 923 562 Germaniam
938 518 1008 583 spe-

10 590 53 669 ἢ.
88 590 150 656 hoc
167 589 253 655 milia
269 594 422 676 passuum
439 590 621 676 octingenta
637 591 671 655 in
692 590 920 677 longitudinem
937 612 1008 656 esse

10 676 187 775 *timetur
231 684 276 748 ita
297 685 397 749 omnis
420 684 523 750 insula
545 695 594 750 est
615 686 648 750 in
670 685 800 751 circuitu
822 685 918 750 vicies
937 708 1010 751 een-

10 772 53 861 }
67 780 190 844 milium
208 801 369 865 passuum.
410 800 450 843 ex
466 779 516 844 his
535 779 680 846 omnibus
697 779 792 866 longe
811 787 883 844 sunt
899 779 1011 845 huma·
1029 801 1060 850 14

39 870 61 890 '⁸
95 875 118 954 ⁹,
147 874 202 958 qui
221 873 369 940 Cantium
391 874 544 953 incolunt,
573 895 653 960 quae
676 875 763 962 regio
786 883 835 940 est
856 874 1010 941 maritima

60 968 101 1048 ἐ,
130 991 233 1056 neque
255 968 388 1044 multum
410 991 430 1034 a
453 966 576 1035 Gallica
602 968 750 1035 differunt
776 969 1010 1035 consuetudine.

59 1063 145 1131 x'ores
163 1061 304 1150 plerique
321 1061 478 1129 frumenta
495 1087 559 1129 non
576 1075 693 1142 serunt,
713 1064 769 1129 sed
781 1063 861 1128 lacte
875 1074 906 1129 et
919 1085 1011 1129 carne

29 1220 33 1225 .
79 1169 94 1224 t
114 1158 313 1245 pellibusque
336 1168 408 1222 sunt
429 1158 543 1223 vestiti.
588 1180 697 1223 ornnes
719 1179 793 1224 vero
816 1180 850 1223 se
868 1158 1011 1223 Britanni

81 1253 236 1331 inficiunt,
256 1251 341 1336 quod
358 1252 536 1317 caeruleum
553 1252 649 1317 efficit
667 1251 816 1329 colorem,
840 1262 933 1334 atque
950 1251 1011 1317 hoc

59 1346 155 1413 'diors
171 1355 243 1411 sunt
255 1346 289 1410 in
301 1369 409 1432 pugna
422 1357 552 1433 aspectu
556 1372 565 1425 3
584 1346 758 1432 capilloque
773 1354 844 1410 sunt
855 1347 1011 1430 promisso

60 1464 78 1507 e
100 1441 187 1506 omni
208 1451 296 1526 parte
318 1440 456 1526 corporis
478 1464 550 1506 rasa
571 1451 694 1526 praeter
716 1451 810 1525 eaput
832 1448 863 1503 et
888 1438 1011 1504 labrum

44 1536 140 1601 erius.
185 1557 299 1600 uxores
321 1533 438 1600 habent
459 1535 532 1600 deni
554 1534 751 1618 duodenique
767 1533 849 1598 inter
871 1555 906 1598 se
925 1555 1011 1598 com-

59 1653 95 1697 es
119 1639 152 1696 et
171 1629 307 1694 maxime
324 1628 436 1695 fratres
455 1651 528 1694 cum
547 1627 695 1694 fratribus
712 1637 920 1716 parentesque
938 1649 1011 1692 cum

61 1725 89 1790 ‘s
95 1749 105 1804 3
125 1723 183 1789 sed
201 1723 227 1789 si
244 1723 299 1807 qui
316 1732 389 1788 sunt
407 1745 447 1789 ex
463 1723 513 1789 his
531 1723 605 1801 nati,
625 1745 733 1789 eorum
745 1721 900 1788 habentur
912 1720 1011 1799 liberi,

10 1829 43 1880 to
62 1818 204 1906 primum
220 1818 310 1905 virgo
327 1839 470 1902 quaeque
488 1818 623 1883 deducta
641 1828 697 1883 est.

46 1912 185 1997 Equites
204 1912 341 1978 hostium
359 1912 570 1997 essedariique
584 1911 695 1977 acriter
706 1911 825 1998 proelio
839 1933 911 1976 cum
925 1911 1012 1995 equi·
1030 1930 1061 1979 15

10 2018 52 2072 ῆι
68 2017 180 2072 nostro
197 2006 231 2071 in
247 2006 356 2072 itinere
374 2006 592 2084 conflixerunt,
621 2017 725 2070 tamen
747 2015 782 2070 ut
798 2006 896 2072 nostri
914 2005 1013 2071 omni·

10 2098 207 2189 tepentibus
226 2100 400 2186 superiores
418 2100 534 2166 fuerint
551 2108 645 2184 etque
664 2101 768 2164 cosin
790 2099 885 2164 silvas
904 2099 1014 2164 cohes-

10 2200 47 2260 te
77 2193 299 2281 compulerint3
335 2194 391 2260 sed
422 2193 635 2280 compluribus
665 2193 836 2258 interfectis
869 2192 1012 2278 cupidius

10 2288 122 2354 secuti
143 2289 309 2353 nonnullos
332 2311 372 2353 ex
393 2289 458 2354 suis
481 2288 660 2353 amiserunt.
709 2295 742 2351 at
766 2287 811 2350 illi
835 2287 1013 2351 intermisso

10 2384 90 2449 ustio
106 2382 356 2469 imprudentibus
374 2383 487 2448 nostris
506 2390 600 2466 atque
617 2380 776 2466 occupatis
795 2381 829 2445 in
841 2380 1013 2445 munitione

10 2488 164 2544 atrorum
181 2474 284 2542 subito
307 2499 341 2542 se
363 2498 404 2542 ex
426 2476 513 2542 silvis
536 2477 692 2542 eiecerunt
709 2475 891 2561 impetuque
908 2475 941 2538 in
959 2496 1013 2538 eos

10 2583 88 2651 nto,
115 2573 171 2658 qui
193 2581 280 2637 erant
299 2573 333 2636 in
356 2573 487 2648 statione
508 2595 565 2658 pro
588 2571 698 2637 castris
721 2569 876 2648 collocati,
905 2569 1015 2634 aeriter

10 2677 210 2755 agnoverunt
227 2666 412 2751 duabusque
429 2667 535 2732 missis
554 2665 694 2732 subsidio
707 2664 887 2732 cohortibus
900 2688 920 2730 a
934 2662 1015 2730 Cae·-

10 2780 62 2827 sre
87 2771 181 2847 atque
205 2761 255 2827 his
277 2762 386 2848 primis
408 2761 567 2848 legionum
589 2761 735 2840 duarum,
763 2783 836 2825 eum
863 2759 923 2824 hae
944 2781 1015 2845 per-

10 2856 106 2943 xiguo
124 2855 302 2922 intermisso
321 2853 410 2943 [loci]
431 2856 530 2942 spatio
547 2855 628 2920 inter
646 2877 679 2919 se
694 2854 915 2932 constitissent,
933 2875 1016 2919 novo

10 2950 105 3017 'encre
122 2972 248 3037 pugnae
270 2949 439 3036 perterritis
461 2950 575 3015 nostris
593 2970 649 3035 per
670 2949 790 3014 medios
808 2947 1015 3013 audacissime

10 3046 197 3130 brruperunt
227 3065 323 3128 seque
353 3043 426 3108 inde
456 3043 629 3109 incolumes
659 3053 852 3128 receperunt.
897 3064 934 3107 eo
965 3041 1015 3104 die

10 3128 131 3219 luintus
153 3136 310 3202 Laberius
332 3137 457 3216 Durus,
485 3137 627 3203 tribunus
650 3137 797 3214 militum,
824 3134 1015 3199 interficitur.

10 3222 196 3318 llipluribus
216 3232 381 3298 submissis
400 3232 579 3298 cohortibus
597 3233 797 3319 repelluntur.
825 3240 889 3296 toto
906 3230 967 3294 hoc
984 3229 1017 3294 in
1036 3250 1067 3299 lt

10 3340 108 3409 tenere
124 3339 351 3414 pugnae‚'eum
369 3327 428 3394 sub
446 3327 545 3394 oeulis
563 3328 704 3393 omnium
721 3348 758 3392 ac
774 3348 831 3412 pro
845 3324 956 3390 eastris
970 3324 1017 3389 di-

10 3417 173 3500 niearetur,
199 3420 390 3487 intellectum
409 3431 457 3487 est
472 3431 597 3489 nostros
618 3430 745 3508 propter
766 3419 952 3506 gravitatem
969 3443 1018 3485 ar-

10 3528 129 3594 borum,
157 3515 243 3600 quod
263 3537 365 3600 neque
386 3516 510 3601 insequi
532 3517 677 3581 cedentes
704 3524 833 3599 possent
854 3535 955 3598 neque
977 3512 1017 3579 ab

10 3605 91 3693 tignis
110 3609 271 3675 discedere
288 3611 452 3689 auderent,
475 3610 578 3675 minus
597 3618 687 3694 aptos
706 3630 776 3674 esse
794 3608 835 3673 ad
851 3608 944 3673 huius
962 3629 1017 3694 ge-

10 3703 76 3770 teris
93 3704 232 3783 hostem,
260 3705 380 3789 equites
398 3715 503 3770 autem
521 3725 636 3789 magno
654 3725 727 3767 eum
744 3703 883 3788 periculo
900 3700 1018 3787 proelio

10 3792 156 3877 hmsare,
182 3809 348 3885 propterea
373 3799 458 3882 quod
479 3798 525 3862 illi
547 3798 640 3862 etiam
667 3797 809 3862 consulto
835 3797 1017 3882 plerumque

10 3891 140 3958 sterent
157 3901 202 3971 et,
229 3914 302 3957 eum
322 3892 452 3978 paulum
469 3891 509 3958 ab
527 3890 704 3978 legionibus
726 3900 850 3957 nostros
867 3888 1019 3955 removis-

10 3995 78 4065 tent,
102 4009 142 4053 ex
160 3987 281 4053 essedis
299 3987 459 4053 desilirent
476 3985 657 4071 etpedibus
675 3986 793 4073 dispari
809 3983 927 4072 proelio
945 4005 1019 4050 eon-

10 4081 166 4151 adeant
210 4082 363 4170 equestris
385 4092 492 4151 autem
511 4081 622 4170 proelii
638 4083 717 4148 ratio
735 4092 767 4148 et
788 4080 970 4148 cedentibus
988 4090 1020 4147 et
