2414 4336
157 256 201 328 te
476 269 529 330 nn
547 269 673 328 annno
693 269 861 330 sanares

157 397 314 466 ficiscitur.
359 420 397 464 eo
414 419 486 464 eum
503 397 650 475 venisset,
669 395 801 462 maiores
818 396 886 463 iam
903 394 1043 481 undique
1058 394 1102 462 int

156 493 261 560 looum
286 491 394 579 oopiae
416 491 637 558 Britannorum
663 498 887 569 convenerant,
916 512 1043 558 summa
1059 490 1102 577 im}

156 587 292 673 bellique
318 586 554 652 administrandi
579 584 737 652 oommuni
762 583 895 651 oonsilio
921 585 1073 672 permissa
1093 583 1102 650 l

158 682 343 760 sivellauno,
370 681 460 746 ouius
481 679 560 747 fines
582 680 781 748 amaritimis
802 679 989 746 civitatibus
1005 679 1102 746 flumen

157 778 249 857 vidit,
283 777 369 861 quod
394 775 569 862 appellatur
594 774 753 854 Tamesis,
788 797 808 840 a
838 775 920 840 mari
953 775 1102 841 cimitata

157 892 309 959 passuum
325 869 477 935 LXXX.
521 869 595 936 huie
617 869 775 957 superiore
797 878 943 955 tempore
965 892 1038 936 oum
1056 868 1101 935 reli

158 965 335 1032 civitatibus
353 964 542 1030 coutinentia
558 964 641 1031 bella
656 966 910 1044 intercesserant3
930 966 992 1032 sed
1008 975 1102 1032 nosbo

157 1068 255 1125 ventu
274 1059 407 1146 permoti
423 1058 568 1125 Britanni
588 1059 672 1126 huno
693 1060 750 1126 toti
771 1057 853 1125 bello
876 1059 1101 1147 imperioque}

158 1152 307 1220 fecerant.

109 1266 141 1319 12
221 1247 401 1315 Britanniae
417 1271 491 1335 pars
508 1248 637 1315 interior
652 1247 692 1314 ab
710 1248 748 1314 iis
766 1247 927 1328 ineolitnr,
946 1272 1030 1335 quos
1046 1258 1101 1316 naa

157 1345 260 1412 insula
279 1343 342 1431 ipsi
362 1343 511 1408 memoria
531 1342 690 1429 proditum
711 1343 831 1422 dieunt,
857 1344 1020 1410 maritima
1044 1365 1101 1432 part

157 1441 207 1520 iis,
225 1439 280 1525 qui
296 1438 430 1525 praedae
447 1460 484 1503 ao
502 1437 576 1503 belli
592 1436 746 1503 inferendi
763 1459 859 1503 cansa
873 1459 914 1504 ex
926 1437 1045 1526 Belgio
1057 1449 1101 1505 tm

158 1543 229 1600 rant
250 1533 319 1618 (qui
335 1555 444 1599 omnes
463 1533 528 1598 sore
545 1531 584 1598 iis
602 1531 781 1598 nominibus
798 1532 964 1598 civitatum
981 1533 1101 1620 appella

159 1627 274 1717 quibus
295 1627 355 1694 orti
376 1649 416 1693 ex
437 1625 617 1693 civitatibus
639 1649 678 1693 eo
698 1627 920 1714 pervenerunt)
944 1637 978 1695 et
1000 1627 1101 1694 belloi

158 1720 204 1788 ibi
220 1730 456 1808 permanserunt
472 1731 566 1807 atque
584 1743 677 1809 agros
695 1719 797 1788 oolere
815 1731 997 1808 ooeperunt.
1024 1722 1100 1789 homi

159 1824 209 1881 est
224 1814 345 1880 infinita
361 1814 526 1880 multitudo
543 1815 792 1902 creberrimaque
809 1815 954 1882 aedificia
972 1816 1040 1884 fore
1053 1814 1101 1884 Gal

159 1908 345 1987 oonsimilia,
367 1930 516 1995 pecorum
533 1932 667 1999 magnus
689 1933 848 1977 numerus.
891 1920 1027 1977 utuntur
1042 1921 1091 1977 aut

160 2002 229 2092 [aut
249 2024 378 2069 nummo
399 2000 504 2091 aereo]
527 2014 581 2069 aut
602 2005 692 2071 taleis
712 2005 822 2070 ferreis
843 2004 886 2069 ad
910 2014 1033 2090 eertum
1059 2027 1100 2091 por

159 2097 343 2165 examinatis
359 2119 417 2184 pro
439 2120 577 2163 nummo.
620 2099 760 2165 nascitur
779 2098 824 2164 ibi
840 2096 1009 2185 plumbum
1028 2099 1100 2165 albu

158 2193 390 2259 mediterraneis
412 2193 607 2281 regionibus,
634 2193 668 2259 in
687 2193 850 2260 maritimis
872 2193 1007 2272 sermm,
1036 2194 1087 2261 sed

160 2289 274 2376 exigua
291 2297 340 2353 est
356 2287 460 2374 oopia3
478 2310 550 2354 aere
567 2296 696 2354 utuntur
711 2289 887 2374 importato.
932 2289 1064 2355 materia
1077 2309 1100 2353 ot

159 2404 220 2467 que
237 2381 361 2468 generis
378 2391 413 2447 ut
429 2381 463 2446 in
478 2379 583 2448 Gallia
595 2391 652 2461 est,
670 2390 793 2469 praeter
804 2381 915 2469 fagum
930 2390 1027 2467 atque
1039 2380 1100 2448 abia

159 2475 298 2561 leporem
319 2484 350 2541 et
371 2475 520 2562 gallinam
542 2485 574 2542 et
594 2497 738 2542 anserem
759 2485 887 2562 gustare
907 2475 960 2542 fas
977 2499 1043 2543 non
1057 2484 1100 2562 put

159 2569 238 2634 haee
258 2578 363 2634 tamen
384 2567 472 2634 alunt
492 2569 589 2634 animi
613 2569 845 2657 voluptatisque
867 2591 974 2635 causa.
1019 2570 1086 2636 looa

109 2683 141 2732 1³
159 2662 377 2749 temperatiora
393 2685 488 2748 quam
504 2663 538 2728 in
556 2660 661 2730 Gallia
676 2662 908 2730 remissioribus
924 2663 1098 2752 frigoribus

161 2757 230 2822 sula
249 2766 361 2823 natura
382 2757 544 2842 triquetra,
571 2759 660 2826 ouius
681 2781 781 2825 unum
801 2759 883 2824 latus
905 2769 955 2825 est
975 2769 1082 2826 eontra

159 2850 243 2917 liam.
286 2851 379 2919 huius
401 2852 506 2920 lateris
528 2853 607 2920 alter
631 2853 781 2942 angulus,
808 2854 863 2939 qui
889 2854 1002 2920 estad
1024 2853 1099 2922 Cant

159 2967 222 3031 qno
239 2945 306 3012 fere
323 2968 431 3013 omnes
449 2968 490 3013 ex
508 2944 612 3014 Gallia
628 2969 725 3014 naves
744 2947 955 3035 appellantur,
973 2949 1016 3015 ad
1032 2948 1099 3016 oriar

161 3038 269 3120 solem,
286 3041 472 3108 inferiorari
487 3042 650 3109 meridiem
668 3052 796 3129 spectat
831 3042 893 3109 hoe
908 3043 1045 3130 pertinet
1061 3043 1099 3108 uir

160 3135 247 3201 milia
262 3158 414 3223 passuum
431 3136 611 3224 quingenta
655 3137 788 3203 alterum
809 3137 911 3224 vergit
933 3138 975 3202 ad
991 3137 1099 3224 Hispa

159 3240 253 3316 atque
270 3231 462 3298 oooidentem
480 3230 593 3311 solem3
611 3254 674 3317 qua
691 3254 731 3297 ex
743 3242 831 3317 parte
847 3242 895 3298 est
907 3232 1073 3311 Hibernia,
1090 3232 1099 3297 ι’

160 3324 213 3391 dio
229 3324 340 3404 minor,
356 3334 392 3390 ut
409 3323 598 3403 aestimatur,
617 3347 713 3410 quam
729 3323 902 3404 Britannia,
921 3327 979 3392 sed
995 3328 1099 3413 paris]

160 3419 362 3486 transmissus
382 3428 477 3504 atque
498 3440 538 3484 ex
561 3415 666 3486 Galba
691 3420 793 3484 estin
814 3418 1021 3486 Britanniam.
1064 3420 1096 3487 in

159 3512 264 3578 medio
281 3534 375 3579 cursu
392 3523 441 3580 est
456 3513 568 3592 insula,
586 3535 668 3599 quae
685 3513 860 3599 appellatur
875 3512 989 3594 Mona3
1007 3513 1098 3602 oomp

159 3617 320 3697 praeterea
335 3607 471 3675 minores
485 3607 625 3675 obiectae
636 3608 758 3675 insulae
772 3607 997 3688 existimantur,
1018 3611 1058 3677 de
1069 3631 1098 3696 qr

159 3702 271 3770 insulis
297 3701 437 3768 nonnulli
463 3703 665 3790 scripserunt,
697 3703 764 3769 dies
795 3703 959 3770 continuos
985 3703 1097 3770 XXX

161 3795 273 3865 bruma
283 3812 360 3863 'esse
376 3805 509 3862 noctem.
548 3821 607 3865 nos
624 3796 702 3862 nihil
718 3797 759 3862 de
777 3820 814 3864 eo
831 3797 1098 3884 percontationibn

160 3890 372 3982 periebamus,
399 3890 460 3957 nisi
481 3892 572 3958 oertis
594 3915 635 3957 ex
656 3913 738 3976 aqua
758 3892 913 3958 mensuris
934 3891 1097 3961 breviores

161 4009 257 4075 quam
278 3988 311 4054 in
338 3986 507 4053 continenti
527 3995 635 4053 noctes
657 3984 851 4053 videbamus.
895 3986 989 4053 buius
1013 3986 1097 4055 estl

160 4080 237 4151 tudo
248 4080 364 4162 lateris,
380 4090 417 4148 ut
429 4080 490 4148 fert
502 4080 626 4146 illorum
638 4080 753 4170 opinio,
768 4081 1039 4173 septingentorum
1052 4082 1097 4153 mi
