2414 4336
176 275 218 360 26
489 282 688 362 nsssnno
708 301 877 362 cnnnrco

176 451 256 514 equo
273 429 443 509 deciderat,
468 428 752 508 circumsistebant3
776 429 803 494 si
820 449 883 514 quo
901 436 968 493 erat
985 426 1127 513 longius]

175 525 333 591 deundum
351 534 405 591 aut
418 525 549 592 celerius
562 524 784 610 recipiendum,
804 532 891 588 tanta
905 531 972 588 erat
984 521 1127 588 horume

175 619 319 686 citatione
346 619 501 698 celeritas,
537 628 573 684 ut
598 617 681 684 iubis
708 640 860 703 equorum
891 615 1049 683 sublevati
1076 637 1127 681 cur

175 714 393 799 adaequarent.

124 829 155 879 49
238 807 305 875 Ubi
325 830 398 874 eum
419 808 529 874 castris
552 829 587 873 se
609 817 713 873 tenere
732 805 852 874 Caesar
873 804 1044 884 intellexit,
1070 827 1111 871 ne

174 903 236 968 tius
253 911 428 969 commeatu
444 901 670 988 prohiberetur,
688 901 771 968 ultra
787 923 860 966 eum
872 900 986 979 locum,
1007 900 1118 985 quoin

175 992 325 1064 Germani
350 995 567 1075 consederant,
603 996 725 1062 circiter
749 1018 863 1082 passus
890 1003 1059 1061 sexcentos
1086 993 1125 1060 ab

174 1089 284 1156 castris
309 1089 457 1156 idoneum
482 1089 587 1157 locum
612 1089 729 1176 delegit
755 1089 883 1173 acieque
910 1088 1024 1174 triplici
1050 1088 1127 1154 instr

173 1185 215 1251 ad
231 1206 304 1251 eum
320 1183 425 1251 locum
441 1184 535 1250 venit.
579 1183 714 1269 primam
736 1193 767 1250 et
789 1183 959 1250 secundam
981 1183 1127 1248 aciemin

172 1279 233 1345 mis
250 1300 329 1358 esse,
349 1279 471 1346 tertiam
488 1285 591 1344 castra
607 1277 729 1343 munire
745 1277 846 1343 iussit.
873 1277 926 1342 hic
942 1275 1033 1342 locus
1052 1276 1094 1342 ab
1112 1275 1127 1341 b

174 1372 294 1441 circiter
310 1394 424 1460 passus
442 1380 621 1451 sexcentos,
639 1373 686 1438 uti
702 1371 822 1437 dictum
839 1380 901 1450 est,
920 1369 1040 1436 aberat.
1087 1393 1125 1437 eo

173 1468 249 1534 citer
265 1467 428 1535 hominum
444 1488 575 1533 numero
598 1466 735 1533 sedecim
752 1465 838 1531 milia
861 1464 1008 1552 expedita
1026 1487 1127 1532 cum<

173 1563 312 1647 equitatu
328 1561 509 1631 Ariovistus
526 1561 621 1640 misit,
640 1583 721 1647 qnae
735 1561 844 1647 copiae
856 1569 979 1626 nostros
993 1569 1127 1646 perterre

174 1666 204 1723 et
220 1657 392 1723 munitione
412 1655 621 1743 prohiberent.
664 1655 762 1721 nihilo
785 1656 888 1722 secius
908 1653 1043 1733 Caesar,
1072 1664 1109 1721 ut

174 1753 387 1832 constituerat,
414 1752 494 1819 duas
512 1751 595 1818 acies
613 1750 736 1817 hostem
753 1750 951 1837 propulsare,
977 1749 1127 1816 tertiam<

172 1845 321 1933 perficere
337 1846 439 1912 iussit
474 1845 602 1912 munitis
620 1845 730 1911 castris
753 1845 832 1910 duas
849 1843 894 1911 ibi
915 1843 1058 1930 legiones
1078 1843 1127 1909 reb*

174 1951 205 2008 et
220 1951 342 2028 partem
359 1941 559 2020 auxiliorum,
585 1949 732 2026 quattuor
753 1940 888 2024 reliquas
906 1938 940 2004 in
962 1948 1068 2005 casua
1085 1962 1127 2004 ma

124 2054 157 2105 oo
175 2036 308 2102 reduxit
343 2036 486 2122 proximo
504 2035 555 2102 die
572 2034 714 2102 instituto
733 2057 790 2101 suo
810 2032 929 2100 Caesar
945 2055 964 2098 e
982 2033 1127 2100 castriso

173 2152 234 2216 que
248 2130 354 2218 copias
368 2152 442 2197 suas
456 2129 564 2196 eduxit
575 2129 766 2215 paulumque
780 2152 800 2194 a
812 2127 982 2194 maioribus
997 2127 1111 2194 castris

172 2247 300 2312 gressus
313 2225 413 2292 aciem
421 2225 577 2303 instruxit,
591 2223 735 2291 hostibus
744 2222 906 2310 pugnandi
913 2221 1127 2308 potestatemt

102 2381 107 2390 .
173 2319 289 2386 ubine
310 2328 377 2385 tum
399 2318 526 2404 quidem
548 2341 602 2385 eos
624 2319 749 2404 prodire
770 2317 935 2395 intellexit,
964 2317 1089 2383 circiter
1109 2339 1127 2380 n

173 2415 256 2479 diem
278 2415 449 2480 exercitum
468 2413 503 2478 in
528 2422 630 2479 castra
655 2412 788 2477 reduxit.
833 2422 900 2477 tum
922 2412 1052 2477 demum
1074 2410 1127 2476 nn·

174 2518 240 2575 stus
265 2518 386 2595 partem
408 2529 538 2574 suarum
559 2507 733 2593 copiarum,
761 2529 842 2592 quae
868 2516 971 2573 castra
996 2507 1119 2573 minora

172 2611 339 2690 pugnaret,
367 2602 461 2668 misit.
513 2600 624 2667 acriter
648 2601 804 2687 utrimque
834 2623 934 2686 usque
964 2600 1006 2667 ad
1031 2622 1127 2688 vespe

171 2706 346 2784 pugnatum
363 2704 420 2763 est
449 2695 524 2762 solis
542 2717 657 2764 occasu
675 2717 749 2762 suas
767 2696 873 2782 copias
891 2694 1075 2762 Ariovistus
1092 2716 1127 2760 mr

173 2800 204 2856 et
225 2791 330 2858 inlatis
353 2800 385 2857 et
405 2791 542 2877 acceptis
564 2790 745 2859 vulneribus
770 2791 805 2855 in
826 2798 927 2856 cacha
947 2789 1083 2855 reduxit.
1125 2819 1127 2844 ι

173 2907 213 2950 ex
230 2884 361 2970 captivis
379 2894 544 2970 quaereret
553 2883 681 2964 Caesar,
701 2884 904 2970 quamobrem
912 2882 1127 2969 Ariovistusp

173 2977 214 3045 lio
236 3000 299 3045 non
320 2979 505 3059 decertaret,
533 2980 614 3045 hanc
635 2977 810 3064 reperiebat
831 3000 973 3056 causam,
1001 2977 1089 3061 qnod
1113 2999 1127 3042 a

167 3069 350 3141 'Germanos
368 3095 407 3140 ea
423 3074 616 3141 consuetudo
635 3080 733 3150 esset,
760 3081 795 3137 ut
816 3072 1072 3138 matresfamiliae
1090 3093 1127 3137 ea

173 3166 308 3233 sortibus
335 3177 367 3233 et
392 3167 662 3234 vaticinationibus
685 3166 891 3245 declararent,
917 3176 1023 3231 utrum
1044 3165 1127 3253 prael

172 3261 323 3328 committi
341 3284 381 3329 ex
397 3285 458 3328 usu
476 3270 569 3340 esset,
587 3281 699 3326 necne:
718 3281 771 3325 eas
789 3260 833 3325 ita
850 3261 967 3326 dicere:
985 3282 1049 3326 non
1064 3281 1127 3326 esse

173 3353 349 3423 Germanos
368 3377 523 3444 superare,
542 3355 570 3420 si
587 3364 659 3420 ante
676 3376 791 3420 novam
808 3355 915 3420 lunam
932 3354 1052 3440 proelio
1071 3375 1127 3421 con

172 3449 302 3516 dissent.

122 3564 152 3614 51
234 3543 391 3611 Postridie
413 3545 480 3611 eius
503 3543 565 3609 diei
588 3541 708 3610 Caesar
728 3543 884 3631 praesidio
911 3544 1053 3629 utrisque
1076 3565 1127 3610 cas

172 3640 257 3723 quod
274 3640 350 3706 satis
368 3660 438 3704 esse
455 3639 560 3704 visum
578 3649 636 3717 est,
654 3637 793 3723 reliquit,
821 3637 922 3704 omnis
940 3638 1054 3705 alanos
1073 3639 1106 3704 in
1121 3661 1127 3701 r

172 3743 281 3822 spectu
297 3733 435 3799 hostium
450 3755 507 3819 pro
526 3733 636 3799 castris
655 3732 828 3800 minoribus
847 3732 1017 3812 constituit,
1034 3732 1122 3819 quod

171 3851 230 3894 nus
239 3826 436 3892 multitudine
444 3827 579 3892 militum
591 3826 832 3914 legionariorum
844 3850 901 3914 pro
915 3827 1053 3893 hostium
1067 3848 1127 3893 nun

171 3920 308 4000 valebat,
332 3929 367 3986 ut
389 3921 430 3986 ad
452 3921 589 4008 speciem
611 3920 716 3988 alariis
737 3931 891 4003 uteretur3
917 3921 987 4009 ipse
1014 3921 1127 4010 triplici

158 4023 283 4080 suucta
305 4015 375 4082 acie
398 4038 501 4102 usque
523 4016 565 4082 ad
586 4025 693 4083 casua
708 4017 852 4083 hostium
869 4016 1012 4081 accessit
1053 4025 1122 4082 tum

143 4126 237 4174 murm
261 4111 457 4180 necessario
481 4109 644 4181 Germani
664 4135 743 4179 sues
769 4109 881 4194 copias
905 4108 1019 4173 essum
1038 4107 1127 4171 edum
