2414 4336
199 255 239 322 96
514 268 563 324 un
582 267 709 325 sunno
728 266 897 326 eanulco

166 415 180 467 1
260 393 371 461 Multis
389 396 429 460 de
447 395 550 459 causis
571 393 690 459 Caesar
711 396 859 460 maiorem
878 393 1007 461 Galliae
1029 404 1141 462 motum
1158 430 1166 451 1

197 501 353 575 spectans,
376 512 433 577 per
449 487 595 554 Murcum
615 486 772 566 Silanum,
796 486 913 555 Gaium
930 487 1111 557 Antistium
1135 498 1156 546 t.
1191 472 1207 568 1

195 606 284 662 num,
312 583 421 649 Titum
445 581 588 649 Sextium
609 582 730 669 legatos
753 582 908 648 delectum
930 582 1053 650 habere
1078 584 1152 650 insti
1200 569 1207 592 1²

196 677 289 746 simul
310 677 350 744 ab
370 674 461 744 Gneo
477 676 631 763 Pompeio
653 678 840 763 proconsule
861 677 955 763 petit,
983 676 1153 763 quonium
1193 672 1194 676 ’

195 773 237 837 ad
252 771 362 837 urbem
380 794 452 837 cum
469 771 599 856 imperio
616 770 805 857 reipublicae
823 794 919 837 causa
936 782 1124 851 remaneret,
1143 801 1166 859 vg
1194 755 1207 845 1

195 888 235 933 ex
258 863 421 952 Cisalpina
447 862 552 932 Gallia
578 864 715 932 consulis
742 873 936 932 sacramento
965 866 1146 952 rogavisset,
1195 851 1207 943 1

195 961 286 1048 sigua
303 961 468 1027 convenire
482 969 513 1026 et
525 960 566 1025 ad
581 981 615 1025 se
627 959 783 1046 proficisci
795 959 925 1039 iuberet,
946 961 1061 1049 magni
1076 961 1109 1026 in
1125 991 1152 1017 κ
1196 947 1207 1041 1

195 1056 289 1121 etiam
313 1056 347 1120 iu
372 1055 526 1141 reliquum
551 1064 675 1141 tempus
704 1055 745 1121 ad
766 1055 945 1142 opinionem
970 1053 1098 1123 Galliae
1122 1087 1148 1112 a·
1196 1062 1207 1135 ’1

194 1171 284 1214 maus
306 1158 408 1215 tantas
425 1148 524 1214 videri
541 1148 652 1214 Italiae
669 1149 848 1229 facultates,
872 1159 920 1228 ut,
947 1150 977 1216 si
994 1150 1075 1235 quid
1091 1159 1165 1221 esse,
1198 1144 1207 1224 1

194 1241 275 1308 bello
298 1242 474 1308 detrimenti
501 1252 678 1328 acceptum,
704 1266 768 1310 non
794 1244 887 1311 modo
908 1243 943 1309 id
970 1243 1066 1311 brevi
1085 1255 1162 1311 temo
1200 1232 1207 1348 1

193 1337 347 1414 resarciri,
367 1337 423 1402 sed
441 1336 535 1401 etiam
551 1336 722 1403 maioribus
740 1336 848 1424 augeri
866 1337 966 1424 copiis
983 1349 1106 1424 posset
1138 1369 1168 1394 u

195 1453 266 1496 cum
283 1431 454 1518 Pompeius
473 1440 504 1496 et
521 1430 710 1518 reipublicae
727 1441 759 1498 et
776 1431 930 1497 amicitiae
949 1431 1122 1511 tribuisset,
1141 1437 1175 1488 n*
1201 1356 1207 1503 l

193 1526 267 1591 riter
288 1525 432 1591 confecto
452 1547 509 1611 per
532 1547 605 1591 suos
629 1525 752 1591 delectu
773 1525 872 1592 tribus
896 1534 970 1593 ante
992 1536 1136 1593 exactam
1155 1558 1164 1581 1
1204 1522 1207 1611 'l

193 1641 277 1685 mem
302 1630 334 1685 et
359 1620 535 1687 constitutis
562 1629 592 1686 et
622 1620 764 1686 adductis
790 1618 967 1707 legionibus
1000 1621 1119 1708 dupli
1142 1650 1167 1678 u
1205 1619 1207 1676 l

194 1737 301 1780 earum
318 1714 492 1781 cohortium
509 1737 653 1793 numero,
672 1736 750 1799 quas
768 1738 840 1780 cum
859 1713 900 1798 Q
919 1715 1049 1783 Titurio
1073 1745 1166 1775 :uzo

194 1819 224 1874 et
246 1808 402 1876 celeritate
425 1819 456 1875 et
478 1809 576 1895 copiis
598 1810 718 1889 docuit,
745 1810 820 1896 quid
841 1809 950 1896 populi
967 1809 1109 1877 Romani
1132 1837 1173 1865 .‚.

193 1902 279 1989 plina
296 1913 389 1988 atque
407 1924 483 1990 opes
501 1914 639 1990 possent.

160 2017 176 2063 a
257 1995 426 2062 Interfecto
444 1996 670 2076 Indutiomaro,
693 2007 728 2061 ut
746 1996 924 2075 docuimus,
948 1996 990 2062 ad
1010 1999 1080 2064 eius
1096 2020 1118 2085 p
1137 1994 1171 2055 ··'

193 2112 273 2175 quos
291 2115 311 2156 a
328 2090 473 2156 Treveris
490 2090 655 2176 imperium
673 2089 819 2155 defertur.
851 2089 897 2154 illi
917 2090 1071 2158 finitimos
1090 2089 1137 2159 Ge

193 2207 251 2252 nos
275 2184 440 2252 sollicitare
463 2193 495 2249 et
511 2184 676 2270 pecuniam
694 2183 832 2270 polliceri
854 2206 917 2251 non
934 2185 1104 2252 desistunt
1149 2214 1173 2242 o

193 2279 233 2347 ab
253 2280 403 2367 proximis
425 2279 590 2365 impetrare
611 2300 676 2344 non
696 2288 838 2364 possent,
864 2279 1030 2346 ulteriores
1057 2290 1185 2367 temp*r

191 2375 325 2440 inventis
347 2373 504 2439 nonnullis
527 2371 705 2438 civitatibus
727 2373 923 2438 iureiurando
945 2373 1030 2439 inter
1050 2396 1087 2440 se
1108 2395 1153 2441 eor

192 2478 279 2534 mant
296 2467 521 2553 obsidibusque
543 2467 582 2532 de
603 2467 737 2553 pecunia
759 2476 884 2533 cavent:
912 2466 1134 2557 Ambiorigem
1155 2495 1170 2523 o

193 2562 340 2628 societate
353 2572 385 2626 et
396 2560 523 2627 foedere
536 2561 719 2648 adiungunt.
745 2560 859 2646 quibus
877 2561 972 2628 rebus
986 2563 1123 2650 cognitis
1173 2604 1175 2610 s

193 2679 257 2735 sar,
281 2679 353 2721 cum
369 2655 508 2739 undique
526 2654 643 2720 bellum
661 2657 762 2742 parari
779 2657 912 2735 videret,
934 2656 1086 2738 Nervios,
1108 2657 1180 2723 Au
1200 2675 1207 2762 1

193 2758 281 2816 tucos
301 2747 367 2837 [ac]
386 2749 553 2835 Menapios
572 2751 725 2815 adiunctis
744 2749 947 2817 Cisrhenanis
970 2752 1118 2819 omuibus
1164 2793 1178 2808 s
1200 2770 1207 2830 1

191 2845 291 2910 manis
310 2866 380 2910 esse
396 2845 430 2908 in
447 2845 551 2923 armis,
572 2843 712 2911 Senones
731 2844 773 2909 ad
789 2847 974 2932 imperatum
988 2869 1054 2913 non
1067 2847 1174 2913 venire
1202 2841 1207 2921 1

191 2961 263 3004 cum
278 2937 468 3005 Carnutibus
481 2937 681 3023 finitimisque
696 2938 872 3004 civitatibus
895 2939 1029 3006 consilia
1045 2962 1178 3007 commu
1203 2958 1207 3012 1

192 3055 275 3112 care,
303 3032 490 3098 aTreveris
518 3029 693 3098 Germanos
720 3031 836 3098 crebris
864 3033 1077 3119 legationibus
1103 3038 1169 3100 solo
1205 3023 1207 3099 l

158 3149 173 3197 e
191 3128 262 3207 tari,
290 3127 441 3192 maturius
464 3125 525 3192 sibi
547 3126 585 3191 de
607 3125 689 3191 bello
708 3127 909 3213 cogitandum
930 3128 1065 3213 putavit.
1109 3152 1170 3192 rw

189 3223 328 3287 nondum
354 3221 457 3285 hieme
480 3219 624 3285 confecta
645 3221 795 3306 proximis
814 3229 960 3304 quattuor
981 3221 1101 3289 coactis
1116 3217 1174 3297 lg·

189 3313 281 3380 nibus
300 3315 338 3380 de
356 3313 526 3399 improviso
543 3313 576 3377 in
589 3313 666 3378 fines
680 3313 866 3379 Nerviorum
879 3314 1039 3379 contendit
1052 3323 1094 3394 et,
1110 3336 1131 3401 p
1151 3339 1161 3367 1

190 3429 283 3492 quam
308 3409 354 3473 illi
379 3419 434 3474 aut
459 3407 624 3474 convenire
651 3416 704 3473 aut
729 3408 895 3495 profugere
920 3418 1067 3495 possent,
1107 3440 1122 3466 u
1135 3439 1158 3485 ς
1183 3443 1192 3458 1

189 3503 309 3589 pecoris
335 3513 429 3587 atque
455 3503 618 3568 hominum
643 3524 772 3568 numero
799 3512 890 3590 capto
916 3512 1011 3587 atque
1037 3525 1078 3569 ea
1106 3534 1113 3561 ο
1139 3529 1180 3557 „u

189 3595 340 3661 militibus
358 3618 509 3663 concessa
530 3597 721 3681 vastatisque
739 3597 823 3684 agris
844 3597 878 3661 in
900 3596 1093 3663 deditionem
1108 3620 1163 3662 vu
1186 3619 1196 3644 1

190 3702 282 3776 atque
300 3689 426 3756 obsides
444 3691 505 3757 sibi
527 3692 601 3758 dare
624 3692 734 3778 coligit.
780 3714 818 3757 eo
836 3691 975 3757 celeriter
997 3692 1140 3758 confecto
1153 3708 1193 3755 uo·

189 3785 275 3872 gotio
291 3807 399 3851 rursus
416 3785 450 3849 iu
466 3784 597 3851 hiberna
614 3785 752 3872 legiones
770 3785 903 3851 reduxit
939 3785 1073 3852 concilio
1091 3780 1194 3853 Gallia·

190 3880 289 3964 primo
306 3901 388 3955 vere,
407 3888 443 3944 ut
459 3879 642 3957 instituerat,
661 3878 786 3958 indicto,
806 3902 877 3945 cum
893 3880 1005 3965 reliqui
1018 3893 1141 3968 praeter
1151 3877 1196 3947 Se·

191 3994 296 4050 nones,
312 3972 468 4039 Carnutes
478 3972 696 4059 Treverosque
704 3974 874 4054 venissent,
887 3975 1012 4041 initium
1024 3975 1101 4043 belli
1113 3972 1201 4063 acde'

192 4065 401 4133 sectionishoc
410 4089 480 4133 esse
491 4067 665 4146 arbitratus,
684 4079 719 4134 ut
728 4070 832 4134 omnia
844 4077 1032 4156 postponere
1045 4072 1204 4157 videretur,¹
