2414 4336
158 261 220 334 124
475 272 673 337 suamne
692 277 861 337 cnnnlco

159 425 301 471 summae
317 425 419 493 genus
437 402 580 475 solertiae
598 414 692 490 atque
709 405 751 471 ad
768 404 876 472 omnia
892 404 1049 472 imitanda

157 499 280 578 cienda,
302 521 383 584 quae
400 498 441 565 ab
459 520 583 584 quoque
601 501 778 578 traduntur,
805 499 1019 587 aptissimum.

154 593 275 680 laqueis
297 594 395 659 falces
421 593 616 674 avertebant,
643 617 723 681 quas
749 616 821 661 cum
848 594 1049 662 destinavere

155 689 268 755 mentis
285 687 438 755 introrsus
455 686 655 768 reducebant,
674 700 705 755 et
722 711 871 778 aggerem
890 690 1046 757 cuniculis

155 780 285 862 hebant,
312 805 350 848 ec
368 781 532 862 scientius,
558 784 644 868 qued
661 785 746 870 apud
764 806 819 850 eos
836 807 976 872 magnae
999 807 1049 851 sur

154 878 221 949 riae
237 886 331 962 atque
348 899 440 944 omne
458 899 560 966 genus
573 879 787 945 cuniculorum
799 887 912 944 notum
924 889 1049 965 atqueu

155 983 213 1038 est.
257 979 356 1037 totum
374 980 480 1038 autern
502 995 627 1039 murum
649 995 689 1039 ex
706 972 791 1039 omni
806 982 897 1060 parte
920 975 1049 1042 turribn

153 1065 339 1133 bulavcrant
356 1076 450 1152 atque
467 1067 525 1134 has
543 1069 635 1134 coriis
652 1069 835 1134 intererant.
877 1078 947 1135 tum
965 1068 1049 1137 crebr

154 1161 204 1226 nis
220 1162 442 1248 nocturnisque
460 1162 673 1249 eruptionibus
692 1173 746 1228 aut
763 1163 872 1251 aggeri
885 1163 997 1250 ignem
1009 1163 1049 1230 inl

157 1264 212 1320 aut
227 1255 342 1323 milites
360 1269 528 1344 occupatos
546 1255 691 1344 inopere
713 1255 934 1324 adoriebantur
954 1267 987 1324 et
1008 1281 1049 1325 no

114 1407 117 1412 .
154 1350 286 1417 turrium
312 1352 520 1431 altitudinem,
547 1361 700 1437 quantum
726 1352 784 1419 has
806 1352 988 1420 cotidianus
1010 1377 1049 1442 ag

152 1455 323 1534 presserat,
347 1446 523 1512 commissis
542 1469 669 1511 suarum
686 1447 819 1512 turrium
835 1446 929 1512 malis
953 1448 1049 1533 adaeq

153 1550 186 1607 ct
202 1550 326 1627 apertos
344 1541 505 1607 cuniculos
521 1549 668 1626 praeusta
686 1550 717 1607 ct
732 1549 903 1635 praeacuta
918 1543 1049 1608 materia

153 1632 327 1700 fervefacta
353 1646 384 1699 et
405 1634 534 1700 maximi
556 1635 704 1720 ponderis
728 1635 812 1700 saxis
834 1633 1042 1702 morabantur

103 1745 136 1796 ss
154 1726 276 1811 busque
302 1729 550 1814 appropinquare
575 1728 793 1815 prohibebant.
837 1729 919 1794 muri
943 1740 1050 1796 autem

155 1818 270 1889 Gallici
286 1822 346 1888 hac
362 1822 428 1889 fere
447 1823 547 1888 forma
564 1833 646 1889 sunt.
682 1822 786 1889 trabes
804 1824 944 1890 directam
960 1847 1049 1912 perpe

152 1917 379 2004 longitudinem
391 1916 519 2003 paribus
532 1916 702 1983 intervallis
716 1917 868 1983 distantes
881 1918 1009 1985 intense
1022 1919 1049 1986 bl

151 2011 220 2090 des,
233 2011 267 2076 in
276 2010 342 2077 solo
352 2010 551 2078 collocantur.
569 2010 629 2077 hae
643 2011 856 2077 revinciuntur
868 2012 1026 2080 introrsus
1039 2035 1049 2078 e

153 2127 269 2192 aggere
278 2104 465 2171 vestiuntur:
481 2127 518 2171 ea
526 2113 640 2183 autern,
654 2126 735 2189 quac
748 2105 894 2183 diximus,
908 2105 1049 2173 interval]

152 2199 245 2266 dibus
258 2199 401 2265 infronte
415 2200 500 2265 saxis
509 2198 719 2265 effarciuntur.
741 2199 791 2265 his
800 2198 963 2267 collocatis
973 2210 1005 2266 et
1013 2223 1049 2267 co

152 2294 224 2361 tatis
242 2293 321 2361 alius
338 2294 468 2381 insuper
484 2293 561 2360 ordo
577 2294 711 2371 additur,
730 2309 765 2358 ut
780 2293 866 2360 idem
883 2293 967 2361 illud
983 2295 1049 2361 inte:

153 2398 302 2468 servetur,
320 2411 422 2474 neque
439 2389 520 2454 inter
537 2411 572 2454 se
590 2388 773 2476 contingant
785 2387 900 2468 trabes,
920 2390 978 2456 scd
991 2394 1049 2477 par]

152 2483 317 2549 termissae
339 2484 449 2571 spatiis
471 2481 614 2570 singulae
641 2482 774 2570 singulis
800 2482 887 2548 saxis
913 2484 1049 2550 interiec

153 2577 377 2644 contineantur.
422 2578 468 2643 sic
493 2577 642 2664 deinceps
669 2599 761 2643 omne
783 2599 864 2664 opus
886 2580 1049 2645 contexitu

152 2673 235 2737 iusta
252 2672 334 2737 muri
351 2671 480 2739 altitudo
498 2671 668 2759 expleatur.
703 2669 765 2738 boc
783 2693 855 2737 cum
871 2672 906 2737 in
924 2675 1049 2759 specior

153 2774 310 2850 tatemque
328 2788 407 2853 opus
425 2764 565 2832 deforme
581 2774 716 2845 nonest,
734 2765 862 2833 alternis
875 2766 1049 2834 trabibusa

153 2882 234 2945 quae
251 2861 344 2926 rectis
362 2859 451 2926 lineis
470 2883 544 2926 suos
563 2861 688 2927 ordines
707 2871 847 2939 servant,
869 2871 939 2926 tum
956 2861 1000 2927 ad
1015 2872 1049 2927 ut

153 2963 185 3020 et
210 2953 423 3020 defensionem
449 2953 574 3020 urbium
601 2977 757 3021 summam
782 2953 877 3022 habet
903 2965 1049 3042 opportm

152 3049 238 3135 quod
259 3058 290 3115 et
312 3048 351 3116 ab
373 3048 518 3114 incendio
539 3048 620 3136 lapis
642 3058 674 3115 et
695 3048 735 3115 ab
757 3049 854 3116 ariete
875 3050 1009 3117 materia
1029 3051 1049 3115 d

152 3164 233 3228 quae
249 3143 407 3231 perpetuis
426 3141 566 3210 trabibus
584 3143 682 3229 pedes
700 3143 919 3231 quadragenos
933 3143 1049 3231 plerum

101 3255 136 3306 as
153 3246 272 3307 trorsus
288 3239 428 3305 revincta
445 3259 547 3324 neque
560 3238 720 3325 perrumpi
732 3260 835 3325 neque
847 3238 981 3305 distrahi
993 3249 1049 3326 pot

152 3340 199 3398 tot
219 3332 314 3400 rebus
335 3331 486 3419 impedita
508 3332 742 3419 oppugnatione
763 3331 891 3412 milites,
916 3355 992 3399 cum
1013 3343 1049 3401 tot

150 3448 226 3515 pore
243 3427 359 3515 frigore
378 3436 408 3493 et
425 3426 560 3493 assiduis
578 3424 731 3493 imbribus
749 3427 961 3507 tardarentur,
981 3439 1049 3495 tam<

151 3521 262 3586 tinenti
282 3521 390 3587 labore
412 3520 517 3586 omnia
537 3520 616 3587 haec
638 3531 864 3607 superaverunt
886 3531 918 3587 et
939 3522 1049 3591 diebus

151 3637 300 3704 aggerem
312 3613 433 3680 'latum
445 3615 543 3703 pedes
557 3612 791 3696 OCCXXX’,
810 3616 909 3683 altum
921 3618 1049 3705 pedesl

151 3718 379 3777 exstruxerunt
423 3731 495 3774 cum
511 3709 540 3776 is
557 3732 682 3775 murum
698 3709 836 3777 hostium
852 3733 954 3798 paene
973 3712 1049 3780 conti

151 3814 182 3871 et
197 3802 316 3871 Caesar
332 3803 374 3869 ad
391 3825 471 3889 opus
488 3803 713 3870 consuetudine
730 3805 899 3872 excubaret
915 3807 1049 3892 militesq

150 3908 276 3979 teretur,
294 3921 335 3965 ne
353 3898 438 3986 quod
454 3899 581 3964 omnino
599 3907 723 3985 tempus
741 3900 782 3967 ab
800 3923 895 3988 opere
911 3903 1049 3970 intormit

134 3993 240 4081 paulo
266 4004 342 4064 unte
374 3993 503 4062 tertiam
531 3992 677 4082 uigiliam
705 4002 756 4058 est
781 3995 1028 4064 ammadsersum

16 4090 20 4093 ’
109 4096 309 4185 aggerem,
334 4114 438 4188 quem
457 4088 611 4159 cuniculo
623 4087 742 4157 bostcs
761 4087 1008 4164 succenderant,
1024 4109 1049 4151 aa
