2528 4336
189 173 255 258 ,158
510 186 563 244 ou
579 185 707 242 nunno
726 183 895 244 esuurco
1000 167 1003 175 '

191 312 358 378 multitudo
375 320 459 379 esset
475 310 714 379 Bellovacorum
732 311 857 397 quodve
879 318 963 377 esset
980 309 1147 377 consilium
1163 332 1215 376 eo-

191 428 274 486 rum,
297 405 487 472 inveniebat:
513 405 698 473 Bellovacos
717 428 840 483 omnes,
864 405 918 490 qui
936 428 1022 471 arma
1043 404 1127 472 ferre
1143 427 1216 492 pos-

192 511 269 581 sent,
288 501 321 566 in
338 524 436 567 unum
452 502 557 569 locum
574 501 768 580 convenisse,
786 501 923 585 itemque
941 498 1129 578 Ambianos,
1147 498 1216 565 Au-

190 593 304 674 lercos,
334 594 475 674 Caletos,
502 593 721 675 Velliooassis,
753 594 939 675 Atrebatas3
973 594 1079 661 locum
1105 595 1216 660 castris

191 690 351 757 excelsum
375 690 410 755 in
436 690 515 757 silva
541 690 731 756 circumdata
752 690 866 778 palude
889 689 1057 778 delegisse,
1083 688 1217 776 impedi·

190 798 296 850 menta
317 785 421 851 omnia
445 784 479 850 in
504 784 665 851 ulteriores
693 785 787 851 silvas
815 783 993 851 contulisse.
1037 783 1215 871 complmes

191 901 261 946 esse
282 879 438 968 principes
464 878 538 946 belli
564 888 719 958 auctores,
747 880 805 946 sed
826 879 1056 945 multitudinem
1078 878 1215 944 maxime

192 973 310 1042 Correo
336 974 564 1061 obtemperare,
591 975 676 1058 quod
701 976 731 1041 ei
758 997 881 1041 summo
909 997 979 1041 esse
1005 975 1078 1041 odio
1100 997 1216 1041 nomen

190 1070 298 1159 populi
314 1069 450 1137 Romani
466 1070 701 1136 intellexissent.
745 1071 855 1157 paucis
878 1080 950 1136 ante
973 1069 1084 1136 diebus
1109 1093 1149 1136 ex
1165 1070 1214 1135 his

191 1166 300 1232 castris
318 1163 504 1231 Atrebatem
527 1162 706 1230 Commium
729 1164 912 1231 discessisse
935 1164 976 1230 ad
996 1164 1114 1230 auxilia
1136 1159 1216 1230 Ger-

191 1283 354 1327 manorum
380 1261 577 1338 adducenda3
603 1283 736 1346 quorum
763 1272 795 1326 et
819 1260 962 1326 vicinitas
988 1259 1165 1347 propinqua
1186 1270 1216 1325 et

191 1355 357 1422 multitudo
383 1366 467 1423 esset
492 1355 621 1421 infinita.
671 1353 870 1422 constituisse
898 1366 1002 1421 autem
1027 1353 1215 1421 Bellovacos

191 1451 330 1518 omnium
346 1449 522 1537 principum
540 1472 705 1529 consensu,
724 1473 847 1516 summa
863 1449 965 1536 plebis
979 1450 1160 1536 cupiditate,
1180 1449 1216 1527 si,

190 1555 226 1611 ut
243 1544 406 1624 diceretur,
426 1542 545 1610 Caesar
562 1566 634 1610 cum
652 1544 751 1611 tribus
764 1543 942 1631 legionibus
956 1544 1085 1624 veniret,
1104 1543 1217 1610 offerre

192 1663 226 1705 se
244 1640 286 1704 ad
302 1639 527 1718 dimicandum,
550 1661 590 1705 ne
607 1640 767 1705 miseriore
784 1660 822 1704 ac
840 1639 963 1705 duriore
980 1647 1092 1724 postea
1110 1638 1218 1705 condi-

191 1734 281 1801 cione
298 1756 372 1799 oum
389 1742 454 1799 toto
472 1732 610 1799 exercitu
627 1734 785 1798 decertare
808 1741 1008 1820 cogerentur3
1036 1733 1065 1798 si
1082 1732 1216 1798 maiores

191 1828 299 1915 copias
316 1827 493 1907 adduceret,
511 1828 545 1892 in
558 1850 595 1893 eo
607 1826 678 1893 loco
691 1849 883 1914 permanere,
903 1849 997 1913 quem
1015 1826 1216 1913 delegissent,

190 1920 391 2009 pabulatione
410 1930 524 2000 autem,
543 1943 624 2007 quae
641 1930 768 2008 propter
785 1921 860 1987 anni
876 1930 1000 2008 tempus
1015 1942 1089 1986 cum
1102 1921 1219 2009 exigua

191 2028 259 2081 tum
276 2015 406 2083 disiecta
423 2025 519 2096 esset,
548 2026 579 2082 et
595 2015 836 2082 frumentatione
855 2026 886 2081 et
902 2015 1022 2101 reliquo
1040 2025 1218 2101 commeatu

157 2128 172 2178 8
191 2132 232 2177 ex
248 2110 370 2177 insidiis
386 2110 550 2197 prohibere
567 2110 738 2178 Romanos.
783 2132 863 2196 quae
883 2108 1003 2177 Caesar
1020 2111 1218 2176 consentien-

190 2204 274 2271 tibus
291 2205 433 2293 pluribus
452 2227 524 2271 cum
542 2215 710 2294 cognosset
727 2214 821 2290 atque
839 2228 891 2284 ea,
909 2226 991 2290 quae
1007 2226 1219 2292 proponeren-

190 2309 250 2379 tur,
269 2300 398 2366 consilia
414 2300 508 2387 plena
520 2301 702 2387 prudentiae
716 2299 873 2386 longeque
887 2323 907 2364 a
919 2299 1092 2365 temeritate
1105 2298 1218 2366 barba-

190 2422 295 2464 rorum
308 2407 427 2464 remota
445 2418 514 2462 esse
527 2396 686 2474 iudicaret,
700 2394 846 2462 omnibus
867 2394 962 2460 rebus
984 2394 1218 2460 inserviendum

192 2489 312 2565 statuit,
339 2508 402 2571 quo
420 2486 551 2552 celerius
569 2486 668 2552 hostis
691 2495 871 2573 contempta
892 2509 951 2553 sua
971 2488 1129 2573 paucitate
1146 2511 1219 2575 pro-

191 2579 270 2644 diret
286 2579 320 2644 in
332 2579 440 2646 aciem.
468 2579 635 2666 singularis
649 2581 731 2645 enim
745 2578 868 2645 virtutis
881 2580 1063 2648 veterrimas
1076 2581 1217 2670 legiones

189 2671 270 2752 Vn,
289 2672 388 2751 VIII,
411 2671 514 2738 VIIII
530 2672 680 2751 habebat,
705 2696 846 2739 summae
864 2674 934 2761 spei
951 2674 1155 2760 delectaeque
1171 2677 1218 2741 iu-

189 2767 326 2832 ventutis
348 2766 417 2844 XI,
444 2788 525 2851 quae
548 2776 658 2833 octavo
680 2767 744 2833 iam
766 2767 922 2854 stipendio
944 2778 1051 2835 tamen
1071 2769 1105 2834 in
1123 2768 1219 2836 colla·

189 2860 273 2925 tione
298 2859 488 2944 reliquarum
513 2861 652 2927 nondum
678 2861 811 2927 eandem
836 2863 1001 2928 vetustatis
1027 2883 1066 2928 ac
1091 2864 1217 2929 virtutis

190 2966 314 3040 ceperat
340 2954 528 3040 opinionem.
572 2955 678 3040 itaque
705 2955 836 3022 concilio
863 2956 1017 3022 advocato
1042 2956 1140 3023 rebus
1167 2957 1216 3036 iis,

189 3071 270 3134 quae
287 3049 329 3114 ad
347 3071 381 3114 se
399 3058 505 3116 essent
521 3049 651 3129 delatae,
671 3050 817 3118 omnibus
835 3051 985 3138 expositis
999 3051 1122 3118 animos
1137 3051 1218 3118 mul-

189 3143 330 3209 titudinis
348 3143 518 3211 confirmat
546 3144 574 3211 si
590 3144 672 3211 forte
684 3144 791 3213 hostes
805 3145 900 3210 trium
912 3145 1072 3232 legionum
1086 3169 1217 3212 numero
1256 3220 1260 3229 .

188 3247 297 3324 posset
315 3237 425 3305 elicere
446 3239 489 3305 ad
509 3238 736 3318 dimicandum,
764 3238 899 3328 agminis
918 3240 1059 3306 ordinem
1081 3242 1127 3307 ita
1144 3264 1219 3309 con·
1252 3273 1260 3284 ·

190 3333 302 3411 stituit,
329 3341 364 3398 ut
380 3332 463 3420 legio
486 3334 633 3421 septima,
661 3344 785 3414 octava,
812 3356 896 3400 nona
917 3344 990 3401 ante
1013 3337 1120 3402 omnia
1137 3337 1219 3403 irent
1255 3413 1260 3420 Ι

189 3425 424 3513 impedimenta,
456 3426 569 3493 deinde
595 3428 735 3494 omnium
764 3429 1060 3515 impedimentorum
1091 3454 1216 3519 agmen,
1252 3444 1260 3492 ἱ

189 3520 275 3604 quod
291 3531 396 3585 tamen
413 3529 479 3585 erat
496 3521 661 3601 mediocre,
676 3531 715 3588 ¹ut
731 3523 765 3587 in
782 3523 1033 3610 expeditionibus
1053 3547 1125 3592 esse
1143 3548 1219 3592 con-

190 3612 305 3691 suevit,
324 3623 450 3701 cogeret
466 3615 646 3695 undecima,
664 3640 704 3682 ne
722 3618 849 3684 maioris
866 3619 1074 3687 multitudinis
1094 3619 1217 3707 species

188 3707 329 3774 accidere
346 3706 489 3775 hostibus
506 3719 628 3795 posset,
651 3733 747 3796 quam
765 3712 828 3800 ipsi
845 3714 1112 3800 depoposcissent.
1157 3714 1218 3782 hac

224 3802 308 3869 tione
331 3824 432 3890 paene
458 3804 610 3888 quadrato
636 3807 761 3894 agmine
786 3808 937 3875 instructo
958 3809 992 3874 in
1013 3819 1217 3897 conspectum

71 3825 321 4072 Ἕαέη
339 3895 473 3964 celerius
492 3897 638 3986 opinione
655 3922 764 3967 eorum
781 3902 951 3970 exercitum
968 3903 1105 3971 adducit.
1143 3927 1216 3972 oum

71 3923 159 4072 ,ι
241 3994 261 4065 ,’
312 3993 513 4064 tuscanas
547 3993 639 4064 velut
672 3995 709 4063 in
738 3996 808 4064 acie
837 4005 924 4065 camo
953 3998 1056 4083 gradu
1075 3998 1218 4082 legiones
