2414 4336
152 211 215 281 138
466 224 519 281 na
536 225 665 281 nanno
685 222 855 282 aunmoo

149 350 294 419 Haeduis
311 360 485 436 receptum,
508 350 593 434 quod
610 360 659 417 est
676 349 827 436 oppidum
845 348 933 434 apud
951 371 1005 414 eos
1023 373 1058 414 m:

150 444 352 524 auctoritatis,
372 442 646 511 Convictolitavim
655 444 874 531 magistratum
887 465 1058 531 magnamq

150 551 214 607 tem
232 549 359 606 senatus
377 540 507 605 adeum
525 539 723 617 convenisse,
746 538 868 626 legatos
885 538 929 602 ad
946 535 1058 604 Veroin

149 656 223 723 gem
240 634 280 700 de
297 656 375 720 pace
393 644 424 700 et
441 632 576 699 amicitia
594 633 790 699 concilianda
809 632 938 718 publice
959 633 1057 699 misso

149 728 458 816 praetermittendum
475 737 596 793 tantum
613 728 813 794 commodum
831 727 1058 794 existimarem

151 845 212 908 que
229 822 401 889 interfectis
413 821 592 888 Novioduni
609 820 793 889 custodibus
810 822 930 906 quique
947 843 987 887 eo
1001 845 1058 910 neg

151 939 247 983 eausa
264 926 489 993 convenerant,
512 917 678 1002 pecuniam
695 927 790 1002 atque
808 938 907 1001 equos
925 916 1008 982 inter
1026 939 1058 982 se

152 1021 239 1091 sunt3
257 1010 384 1077 obsides
398 1011 558 1076 civitatum
570 1009 719 1078 Bibracte
732 1012 773 1077 ad
785 1011 1009 1098 magistratum
1025 1011 1058 1076 de

151 1108 208 1173 dos
227 1117 427 1186 curaverunt,
445 1107 611 1193 oppidum,
629 1107 714 1192 quod
732 1130 751 1171 a
770 1128 805 1172 se
822 1106 922 1172 teneri
939 1128 1006 1171 non
1023 1128 1058 1191 po

151 1201 311 1281 dicabant,
337 1224 378 1268 ne
400 1201 452 1267 oui
473 1210 557 1267 esset
582 1201 654 1266 usui
675 1200 842 1278 Romanis,
868 1201 1058 1267 incenderun

150 1297 248 1362 menti
265 1297 350 1382 quod
368 1295 472 1363 subito
489 1304 658 1382 potuerunt
674 1295 808 1361 navibus
822 1305 1007 1373 avexerunt,
1024 1318 1058 1360 re

150 1391 278 1457 flumine
301 1401 394 1478 atque
415 1391 560 1456 incendio
582 1399 800 1477 corruperunt3
827 1389 889 1474 ipsi
912 1411 952 1453 ex
975 1389 1058 1454 finiti

150 1486 297 1574 gionibus
319 1485 426 1574 copias
449 1507 576 1572 cogere,
601 1484 759 1571 praesidia
781 1484 1006 1567 custodiasque
1027 1484 1058 1548 ao'

150 1581 278 1668 Ligeris
301 1581 467 1668 disponere
494 1580 729 1664 equitatumque
755 1577 902 1644 omnibus
927 1578 1007 1644 locis
1033 1578 1058 1642 in

152 1675 273 1746 timoris
296 1697 392 1742 causa
413 1684 570 1741 ostentare
592 1681 775 1760 coeperunt,
803 1672 830 1738 si
856 1672 897 1738 ab
919 1695 955 1738 re
977 1673 1058 1737 srum

151 1769 313 1837 Romanos
340 1769 505 1836 excludere
531 1779 585 1835 aut
611 1769 762 1834 adductos
792 1767 899 1852 iuopia
927 1767 962 1831 in
987 1789 1058 1853 prov

153 1861 307 1950 expellere
324 1874 463 1950 possent.
495 1885 590 1948 quam
607 1863 649 1928 ad
667 1885 756 1949 spem
773 1862 907 1927 multum
925 1884 982 1928 eos
1000 1862 1058 1926 adii

152 1958 236 2043 quod
248 1958 348 2045 Liger
366 1980 406 2024 ex
418 1957 543 2024 nivibus
557 1966 705 2036 creverat,
723 1966 758 2020 ut
772 1956 898 2022 omnino
912 1956 994 2021 vado
1008 1979 1058 2020 nor

103 2072 134 2123 ot
153 2054 277 2120 transiri
294 2054 459 2119 videretur.
487 2052 601 2138 quibus
618 2052 713 2119 rebus
731 2051 864 2138 cognitis
884 2050 1005 2117 Caesar
1021 2075 1058 2115 m:

153 2150 229 2215 dum
247 2148 308 2216 sibi
326 2149 461 2229 censuit,
480 2149 509 2214 si
525 2158 609 2214 esset
626 2149 659 2213 in
675 2146 872 2234 perficiendis
891 2146 1040 2232 pontibus
1057 2171 1058 2230 j

152 2245 291 2323 tandum,
310 2254 345 2309 ut
361 2245 459 2331 prius,
478 2265 572 2330 quam
590 2252 696 2309 essent
713 2241 846 2307 maiores
865 2263 902 2306 eo
915 2251 1042 2308 coactae

153 2341 322 2406 dimicaret
357 2363 431 2405 nam
448 2361 488 2404 ne
505 2346 695 2404 commutato
712 2336 843 2402 consilio
860 2336 919 2402 iter
936 2336 970 2401 in
986 2359 1058 2421 prov

153 2443 359 2512 converteret,
381 2443 417 2500 ut
433 2455 526 2499 nemo
543 2455 606 2498 non
624 2441 691 2497 turn
709 2432 836 2516 quidem
857 2431 1037 2496 necessario

153 2530 229 2595 dum
246 2527 457 2606 existimabat,
477 2550 550 2595 cum
566 2526 696 2593 infamia
713 2536 807 2612 atque
824 2525 995 2612 indignitas
1014 2525 1059 2590 rei

152 2623 273 2711 positus
296 2644 387 2689 mons
408 2622 558 2689 Cevenna
580 2623 764 2705 viarumque
786 2619 956 2685 difficultas
979 2620 1058 2705 impe

153 2727 221 2782 tum
238 2714 384 2795 maxime,
403 2717 488 2803 quod
505 2715 651 2783 abiuncto
664 2715 809 2781 Labieno
823 2724 917 2798 etque
934 2715 974 2779 iis
991 2714 1056 2801 legi

154 2834 232 2897 quas
250 2834 313 2877 una
330 2812 467 2890 miserat,
486 2811 686 2877 vehementer
703 2810 842 2876 timebat.
886 2810 992 2893 itaque
1011 2811 1058 2874 adr

153 2906 276 2994 magnis
303 2905 422 2971 diurnis
452 2906 674 2990 nocturnisque
699 2903 862 2970 itineribus
894 2903 1048 2969 confectis

154 3001 294 3068 omnium
312 3000 491 3087 opinionem
509 3000 550 3066 ad
566 3000 711 3087 Ligerim
728 2998 814 3065 venit
831 2999 976 3081 vadoque
990 3021 1049 3084 per

153 3097 281 3162 invento
301 3118 359 3181 pro
380 3095 427 3162 rei
447 3095 634 3161 necessitate
660 3103 849 3181 opportun0,
876 3102 911 3157 ut
936 3092 1058 3159 brachis

155 3200 248 3277 atque
264 3190 387 3257 humeri
404 3191 446 3256 ad
464 3190 647 3256 sustinenda
664 3212 751 3255 arma
767 3187 856 3256 liberi
873 3185 914 3252 ab
928 3209 1013 3272 aqua
1027 3210 1058 3253 es

156 3296 234 3365 sent,
252 3285 405 3371 disposito
414 3285 563 3370 equitatu,
582 3284 710 3370 quivim
723 3282 859 3348 fluminis
873 3280 1058 3368 refringeret

153 3380 295 3447 hostibus
312 3382 415 3468 primo
433 3391 563 3468 aspectu
584 3377 772 3468 perturbatis
794 3378 984 3444 incolumem
1010 3403 1058 3444 exv

155 3474 291 3539 traduxit
316 3474 569 3561 frumentumque
590 3475 625 3541 in
648 3474 731 3561 agris
759 3483 790 3539 et
812 3472 934 3559 pecoris
958 3474 1058 3560 copias

155 3577 233 3645 otus,
251 3567 369 3654 repleto
385 3569 435 3636 his
453 3570 547 3637 rebus
566 3568 706 3635 exercitu
722 3568 781 3631 iter
797 3567 830 3631 in
850 3564 995 3634 Senonas
1015 3568 1058 3634 fa<

156 3660 264 3727 stituit.

104 3775 138 3826 tv
217 3756 308 3823 Dum
324 3757 403 3824 haec
416 3759 501 3845 apud
516 3757 686 3825 Caesarem
698 3766 858 3844 geruntur,
877 3757 1044 3824 Labienus

154 3850 321 3938 plemento,
337 3853 422 3937 quod
434 3875 534 3940 nuper
547 3875 587 3918 ex
595 3852 688 3918 Italia
697 3860 833 3930 venerat,
847 3851 955 3917 relicto
964 3850 1058 3940 Aged

155 3956 240 4013 esset
246 3948 476 4035 impedimentis
485 3949 651 4036 praesidio,
662 3971 734 4015 cum
743 3956 890 4031 quattuor
898 3946 1058 4035 legionibu

154 4039 229 4107 tiam
235 4042 451 4130 proficiscitur.
474 4044 507 4110 id
516 4053 564 4110 est
572 4045 723 4131 oppidum
731 4041 933 4122 Parisiorum,
948 4043 1058 4132 quodq
