2414 4336
158 242 222 314 140
472 252 526 313 DE
539 253 671 313 'Banna
689 252 858 316 usnulco

104 404 137 456 so
155 383 231 450 dum
258 381 393 452 videbat
440 382 547 468 itaque
566 378 632 448 'sub
659 402 827 467 vesperum
852 380 987 448 oonsilio
1012 373 1060 449 oo'r

153 477 343 557 cohortatus,
361 486 397 543 ut
414 498 462 556 ea,
480 498 561 562 quae
574 473 769 562 imperasset,
788 475 957 562 diligenter
968 476 1059 543 indus

153 571 418 651 administrarent,
440 593 552 650 naves,
576 592 655 656 quas
673 569 847 636 Meloduno
864 570 1051 650 deduxerat,

152 667 201 734 las
223 665 379 752 equitibus
396 664 548 732 Romanis
572 661 713 731 attribuit
734 672 766 730 et
785 665 888 751 prima
909 665 1053 732 confecta

153 769 300 847 quattuor
316 757 402 826 milia
419 781 572 846 passuum
590 759 729 825 secundo
745 759 875 825 flumine
893 759 1020 828 silentio
1035 783 1060 847 pr

152 855 259 940 ibique
273 876 308 920 se
321 854 497 940 exspectari
509 853 606 921 iubet.
631 853 771 939 quinque
784 853 940 934 cohortes,
961 877 1041 939 quas
1053 877 1060 920 ι

153 948 259 1015 firmas
277 949 319 1014 ad
336 947 549 1014 dimicandum
566 969 637 1014 esso
655 945 868 1027 existimabat,
892 950 1006 1015 castris
1028 971 1060 1036 pr

152 1044 312 1128 relinquit3
347 1042 487 1129 quinque
512 1043 654 1110 eiusdem
683 1043 818 1131 legionis
844 1043 985 1128 reliquas
1016 1044 1054 1109 de

153 1151 245 1206 nocte
262 1162 335 1206 uum
352 1139 497 1206 omnibus
514 1139 746 1226 impedimentis
768 1140 903 1205 adverso
920 1138 1050 1205 flumine

153 1232 289 1300 tumultu
309 1233 466 1321 proficisci
486 1233 628 1320 imperat.
673 1232 827 1319 conquirit
848 1233 944 1299 etiam
966 1232 1060 1298 lintre

153 1351 269 1417 magno
287 1328 391 1395 sonitu
408 1350 565 1394 remorum
581 1329 725 1394 incitatas
739 1329 773 1393 in
785 1327 920 1394 eandem
936 1337 1058 1415 partem

154 1424 223 1511 ipse
248 1433 321 1510 post
346 1421 440 1509 paulo
468 1421 591 1488 silentio
617 1444 765 1510 egressus
788 1444 861 1488 oum
882 1420 985 1488 tribus
1007 1421 1060 1508 leg]

103 1537 136 1590 61
155 1540 227 1585 eum
244 1518 349 1583 locum
365 1518 453 1603 petit,
472 1538 534 1601 quo
551 1539 648 1582 naves
663 1516 778 1604 appelli
789 1516 934 1582 iusserat
965 1539 1002 1582 eo
1015 1538 1060 1581 cur

154 1620 292 1690 ventum,
310 1612 521 1697 exploratores
533 1610 681 1689 hostium,
695 1620 731 1676 ut
743 1612 829 1677 omni
842 1610 981 1677 fluminis
994 1619 1060 1696 part

155 1705 307 1793 dispositi,
325 1705 532 1792 inopinantes,
551 1705 637 1789 quod
653 1729 769 1793 magna
786 1704 891 1772 subito
906 1716 974 1771 erat
987 1727 1060 1770 coor

153 1811 270 1889 pastas,
285 1799 325 1866 ab
334 1799 449 1866 nostris
459 1800 689 1887 opprimuntur:
704 1802 857 1867 exercitus
867 1801 1060 1885 equitatusqu

155 1895 239 1962 tibus
251 1895 403 1960 Romanis
421 1895 721 1975 administrantibus,
740 1917 820 1981 quos
839 1896 868 1960 ei
882 1897 1011 1982 negotio
1024 1918 1060 1981 pr

154 2000 216 2069 rat,
239 1987 379 2056 celeriter
401 1989 627 2056 transmittitur.
672 2013 735 2056 uno
756 1989 823 2056 fere
841 1998 982 2077 tempore
1005 1989 1060 2055 sub

155 2083 298 2151 hostibus
316 2083 476 2149 nuntiatur
496 2083 530 2148 in
552 2084 663 2149 castris
680 2083 894 2149 Romanomm
910 2092 1036 2170 praeter
1052 2106 1060 2147 t

155 2179 295 2245 tudinem
308 2176 490 2244 tumultuari
502 2187 533 2242 et
545 2200 696 2264 magnum
710 2178 755 2243 ire
768 2200 884 2265 agmen
896 2179 1031 2244 adverso
1044 2178 1060 2242 ll

156 2273 353 2356 sonitumque
366 2294 522 2337 remorum
534 2272 568 2337 in
582 2272 692 2338 eadem
704 2282 792 2360 parte
802 2272 944 2338 maudiri
954 2280 985 2338 et
998 2295 1060 2358 pau

155 2367 269 2434 milites
287 2366 421 2433 navibus
439 2367 650 2453 transportari.
696 2366 810 2451 quibus
827 2365 922 2434 rebus
945 2367 1060 2433 auditis

155 2460 376 2529 existimabant
388 2459 489 2527 tribus
501 2461 579 2526 locis
593 2461 723 2526 transire
736 2460 876 2548 legiones
885 2469 980 2546 atque
990 2482 1060 2527 omn

154 2553 295 2623 turbatos
313 2554 488 2621 defectione
505 2554 711 2621 Haeduorum
728 2555 838 2642 fugam
860 2579 985 2642 parare,
1010 2581 1060 2624 sua

154 2672 216 2736 que
233 2649 339 2735 copias
356 2649 391 2714 in
407 2658 470 2715 tres
487 2659 592 2736 partes
614 2649 847 2716 distribuerunt
894 2674 970 2716 nam
990 2674 1060 2737 pras

154 2743 282 2831 regione
299 2752 472 2809 easnorum
488 2742 595 2810 relicto
613 2753 644 2809 et
660 2767 759 2831 parva
776 2767 872 2810 manu
886 2743 1060 2810 Melodunu

155 2861 210 2907 sus
227 2837 334 2916 missa,
353 2859 434 2922 quae
451 2847 572 2904 tantum
588 2840 815 2927 progrediatur,
834 2849 989 2924 quantum
1002 2863 1060 2906 nar

155 2932 339 3010 cessissent,
371 2930 507 3016 reliquas
535 2934 642 3020 copias
673 2943 781 3001 contra
806 2933 987 2999 Labienum
1018 2935 1060 3000 du

104 3051 136 3101 aa
153 3028 255 3117 prima
270 3027 341 3094 luce
359 3037 391 3094 et
407 3028 507 3094 nostri
523 3051 633 3095 omnes
651 3039 739 3095 erant
756 3029 970 3115 transportati,
995 3039 1028 3094 et
1045 3029 1060 3093 b

154 3123 238 3190 acies
260 3120 453 3189 comebatur.
497 3121 662 3188 Labienus
684 3123 798 3188 milites
820 3122 1017 3201 cohortatus,
1044 3145 1060 3188 u

152 3217 302 3305 pristinae
319 3217 441 3284 virtutis
464 3228 495 3283 et
513 3225 559 3282 tot
581 3217 879 3283 secundissimorum
900 3216 1060 3303 proelioru

154 3322 264 3378 nerent
276 3312 458 3379 memoriam
471 3320 565 3397 atque
578 3309 683 3397 ipsum
698 3310 878 3389 Caesarem,
897 3311 988 3376 cuius
1004 3312 1060 3378 du<

152 3426 324 3492 penumero
345 3407 453 3473 hostes
476 3413 691 3492 superassent,
718 3415 915 3492 praesentem
938 3405 1055 3472 adesse

154 3509 288 3579 marent,
316 3501 369 3566 dat
391 3499 517 3587 signum
539 3498 659 3586 proelii
702 3499 805 3585 primo
827 3521 981 3566 concursu
1010 3499 1051 3568 ab

154 3616 265 3670 comu,
288 3593 344 3659 ubi
361 3594 494 3679 septima
510 3594 594 3680 legio
612 3594 807 3672 constiterat,
830 3594 938 3660 hostes
959 3594 1060 3680 pellur

154 3710 215 3775 que
231 3688 266 3754 in
283 3687 392 3775 fugam
409 3689 618 3768 coniciuntur3
644 3686 684 3755 ab
703 3689 844 3766 sinistro,
870 3709 964 3773 quem
981 3688 1060 3756 locu

154 3782 276 3850 decima
292 3782 376 3870 legio
393 3780 528 3863 tenebat,
547 3806 620 3850 cum
635 3784 729 3872 primi
746 3784 870 3849 ordines
888 3783 1060 3850 hostiumn

153 3877 226 3965 pilis
244 3876 466 3957 concidissent,
485 3887 590 3944 tamen
607 3880 756 3945 acerrime
773 3878 886 3964 reliqui
901 3877 1060 3946 resisteba·

154 3969 251 4038 dabat
276 3971 485 4059 suspicionem
510 3971 606 4058 fugae
631 3974 808 4058 quisquam.
856 3973 925 4059 ipse
952 3973 1019 4038 dux
1045 3973 1060 4038 b

156 4060 392 4158 Camulogenus
410 4065 476 4135 suis
493 4066 602 4135 aderat
618 4075 711 4152 atque
729 4088 784 4137 eos
802 4065 1033 4133 cohortabatur.
