2528 4336
199 160 240 227 14
513 174 711 232 nnasnno
731 174 900 233 onnuroo

195 299 281 388 pagi,
299 299 353 386 qui
365 298 565 389 Verbigenus
583 299 765 386 appellatur,
786 298 853 393 sive
870 301 980 367 timore
996 301 1160 388 perterriti,
1179 323 1218 370 ne

196 395 291 462 armis
313 395 433 462 traditis
459 395 612 482 supplicio
634 395 844 474 afficerentur,
868 395 934 461 sive
956 419 1012 482 spe
1039 397 1149 464 salutis
1171 399 1218 465 in·

196 489 290 569 ducti,
304 489 389 575 quod
405 489 440 554 in
456 498 542 555 tanta
558 489 755 556 multitudine
769 489 985 556 dediticiorum
999 515 1089 558 suam
1107 493 1216 581 fugam

85 585 88 592 ’
197 596 251 649 aut
276 582 438 662 occultari,
465 593 520 667 aut
546 584 673 650 omnino
704 585 841 670 ignorari
870 606 964 671 posse
991 587 1216 668 existimarent,

194 677 296 765 prima
320 687 412 744 nocte
438 699 456 742 e
479 677 589 744 castris
612 678 831 745 Helvetiorum
857 679 977 766 egressi
1002 681 1043 745 ad
1068 680 1216 748 Rhenum
1261 675 1262 680 ’

146 789 179 840 28
194 771 334 857 finesque
362 769 590 838 Germanorum
622 773 855 838 contenderunt.
903 774 988 859 quod
1012 773 1068 840 ubi
1096 774 1216 842 Caesar

194 867 312 945 resciit,
331 887 464 951 qnorum
484 888 541 953 per
557 865 635 932 fines
657 867 770 946 ierant,
792 866 856 946 his,
878 867 924 933 uti
945 870 1163 953 conquirerent
1186 881 1215 936 et

192 960 389 1040 reducerent,
417 960 445 1026 si
471 961 531 1027 sibi
557 961 682 1048 purgati
708 983 778 1027 esse
799 961 928 1041 vellent,
954 962 1136 1049 imperavit:
1167 988 1216 1031 re·

194 1054 305 1120 ductos
331 1054 365 1118 in
390 1053 528 1120 hostium
553 1075 682 1120 numero
708 1054 832 1134 habuit;
862 1055 998 1141 reliquos
1024 1079 1133 1123 omnes
1160 1058 1217 1126 ob-

194 1147 328 1227 sidibus,
355 1148 464 1227 armis,
495 1148 636 1236 perfugis
666 1148 787 1214 traditis
813 1148 847 1213 in
869 1148 1058 1216 deditionem
1084 1154 1214 1239 accepit.

192 1241 368 1322 Helvetios,
388 1243 552 1331 Tulingos,
570 1243 742 1310 Latoviccs
762 1243 797 1308 in
817 1243 895 1310 fines
919 1267 1002 1324 snos,
1026 1247 1109 1311 unde
1128 1258 1215 1313 erant

191 1336 339 1424 profecti,
360 1338 474 1404 reverti
493 1337 600 1416 iussit,
623 1347 654 1403 et
675 1337 760 1423 quod
782 1336 926 1404 omnibus
949 1338 1101 1405 fructibus
1120 1343 1215 1408 amis-

192 1431 236 1498 sis
257 1432 343 1498 domi
363 1432 442 1497 nihil
464 1440 544 1509 erat,
567 1453 629 1515 quc
652 1431 768 1498 famem
790 1432 969 1512 tolerarent,
987 1432 1214 1522 Allobrogibus

190 1526 364 1612 imperavit,
386 1534 422 1592 ut
442 1525 481 1592 iis
499 1525 648 1591 humenti
670 1526 792 1611 copiam
810 1526 961 1592 facerent:
988 1527 1074 1614 ipsos
1098 1529 1214 1614 oppida
1259 1528 1260 1544 ³

190 1621 354 1705 vicosque,
377 1641 456 1704 qnos
478 1620 693 1698 incenderant,
715 1620 877 1686 restituere
894 1620 1032 1707 iussit(
1033 1622 1067 1687 id
1089 1644 1127 1688 ca
1148 1647 1214 1688 ma·
1259 1635 1260 1656 *

189 1714 275 1780 xime
299 1713 419 1780 ratione
444 1712 532 1793 fecit,
559 1714 644 1797 qnod
669 1714 769 1779 noluit
790 1735 862 1778 eum
882 1713 1001 1794 locum,
1028 1717 1111 1782 unde
1133 1715 1213 1783 Hel·
1259 1714 1261 1794 ῗ

190 1808 265 1873 vetii
287 1807 509 1886 discesserant,
531 1828 656 1885 vacare,
674 1829 714 1872 ne
731 1817 858 1893 propter
873 1807 1044 1874 bonitatem
1065 1833 1213 1896 agrorum
1259 1827 1262 1847 ⁸

191 1898 356 1980 Germani,
383 1901 438 1985 qui
463 1910 548 1967 trans
570 1900 717 1971 Rhenum
738 1901 892 1980 incolunt,
915 1924 933 1967 e
955 1903 1020 1969 suis
1042 1903 1158 1970 finibus
1181 1905 1213 1970 in
1261 1903 1263 1941 ³

188 1994 408 2062 Helvetiorum
424 1994 503 2060 fines
521 1995 687 2061 transirent
705 2003 736 2059 ct
752 1994 875 2060 finitimi
894 1993 1016 2061 Galliae
1032 1997 1212 2082 provinciae

189 2087 478 2176 Allobrogibusque
496 2097 610 2155 esseut.
641 2088 749 2167 Boios,
767 2088 945 2174 petentibus
954 2089 1108 2169 Haeduis,
1127 2093 1212 2177 quod

189 2182 317 2271 egregia
329 2182 442 2250 virtute
455 2192 543 2249 erant
556 2183 683 2270 cogniti,
697 2191 732 2248 nt
748 2182 781 2246 in
798 2181 912 2249 finibus
931 2184 996 2250 suis
1014 2184 1212 2265 collocarent,

189 2278 357 2358 concessit3
384 2277 498 2364 quibus
520 2278 566 2343 illi
587 2300 681 2364 agros
700 2277 865 2356 dederunt,
889 2299 1030 2363 quosque
1051 2289 1163 2364 postca
1180 2283 1213 2348 in

188 2395 296 2459 parem
317 2373 393 2438 iuris
415 2373 630 2457 libertatisque
652 2371 881 2449 condicionem,
908 2381 1000 2457 atque
1025 2373 1087 2458 ipsi
1113 2387 1212 2455 erant,

137 2487 169 2538 29
187 2464 398 2558 receperunt]
418 2467 452 2530 in
469 2466 578 2532 castris
596 2464 816 2531 Helvetiorum
833 2463 957 2530 tabulae
974 2477 1115 2553 repertae
1138 2481 1213 2536 sunt

186 2559 296 2627 litteris
307 2558 436 2628 Graecis
455 2560 616 2626 confectae
629 2569 660 2626 et
673 2559 715 2625 ad
725 2558 895 2625 Caesarem
907 2559 1033 2640 relatae,
1048 2563 1164 2646 quibus
1180 2566 1214 2631 in

187 2654 302 2721 tabulis
319 2654 502 2721 nominatim
519 2653 597 2720 ratio
615 2653 758 2720 confecta
774 2661 854 2732 erat,
877 2653 932 2738 qui
948 2676 1096 2720 numerus
1114 2656 1212 2725 domo

187 2750 304 2816 exisset
320 2771 442 2828 eorum,
461 2748 516 2833 qui
533 2771 620 2814 arma
636 2748 717 2814 ferre
734 2757 878 2832 possent,
900 2748 1023 2813 etitem
1041 2753 1213 2835 separatim

185 2845 283 2930 pueri,
302 2865 393 2910 senes
410 2842 627 2928 mulieresque.
663 2863 796 2927 quarum
813 2841 953 2907 omnium
964 2864 1068 2907 rerum
1086 2865 1213 2912 summa

186 2948 252 3003 erat
277 2938 414 3024 capitum
435 2936 653 3002 Helvetiorum
678 2935 765 3001 milia
783 2934 977 3015 OCLXIII,
1001 2936 1211 3023 Tulingorum

185 3032 270 3098 milia
282 3030 452 3110 XXXVI,
470 3031 694 3097 Latovicorum
707 3030 823 3110 XIIII,
841 3030 1055 3096 Rauracorum
1068 3031 1210 3114 XXIII,

184 3126 335 3193 Boiorum
343 3125 503 3205 XXXII3
521 3148 561 3191 ex
573 3125 632 3204 bis,
647 3126 702 3210 qui
719 3148 805 3190 arma
818 3124 899 3190 ferre
915 3134 1055 3211 possent,
1069 3126 1110 3191 ad
1122 3128 1211 3195 milia

184 3220 297 3288 XCII.
342 3243 465 3287 summa
486 3220 625 3286 omnium
646 3220 773 3284 fuerunt
790 3219 832 3284 ad
848 3218 934 3284 milia
952 3218 1209 3288 CCCLXVIIL

186 3312 302 3393 corum,
317 3315 372 3401 qui
389 3315 517 3381 domum
533 3314 701 3392 redierunt,
720 3336 817 3379 censu
833 3313 950 3391 habito,
970 3322 1004 3378 ut
1013 3312 1133 3380 Caesar
1149 3316 1209 3382 im-

184 3419 357 3494 peraverat,
374 3420 516 3496 repertus
535 3418 583 3475 est
599 3430 748 3474 numerus
766 3408 888 3472 milium
906 3406 935 3473 C
953 3418 985 3472 et
1001 3407 1047 3473 X.

135 3531 168 3583 30
244 3503 335 3570 Bello
352 3503 571 3570 Helvetiorum
594 3504 736 3569 confecto
758 3503 854 3568 totius
876 3502 942 3566 fere
960 3499 1082 3568 Galliac
1098 3502 1207 3590 legati,

183 3597 340 3685 principes
353 3597 523 3677 civitatum,
537 3599 578 3663 ad
591 3596 760 3664 Caesarem
773 3595 963 3683 gratulatum
981 3607 1206 3664 convenerunt:

183 3692 363 3779 intellegere
377 3714 455 3770 sese,
470 3692 594 3758 tametsi
610 3713 667 3778 pro
679 3689 838 3756 veteribus
849 3689 1067 3755 Helvetiorum
1084 3691 1205 3758 iniuriis

97 3857 100 3862 ⁴
183 3787 292 3875 populi
308 3787 444 3854 Romani
460 3786 500 3853 ab
518 3787 567 3852 his
585 3807 703 3873 poenas
720 3783 803 3850 bello
819 3783 993 3869 repetisset,
1013 3794 1118 3850 tamen
1136 3809 1206 3853 eam

183 3903 250 3947 rem
272 3903 335 3948 non
355 3881 458 3947 minus
481 3903 522 3946 ex
538 3902 599 3946 usu
620 3888 720 3945 terrae
739 3875 861 3945 Galliae
888 3899 983 3963 quam
1009 3879 1120 3965 populi
1141 3880 1206 3947 Ro·

183 3977 268 4044 mani
289 3976 456 4056 accidisse,
477 3984 642 4063 propterea
663 3973 748 4059 quod
769 3995 807 4040 eo
824 3973 955 4040 consilio
976 3973 1205 4041 florentissimis
