2414 4336
176 236 219 306 92
497 250 695 309 uaesano
714 248 885 312 auumco

176 375 308 464 singulis
327 374 488 442 ordinibus
506 376 671 463 cespitum,
689 376 775 460 quod
792 397 830 440 ea
845 397 912 440 non
928 396 1027 462 posse
1042 399 1084 441 m·
1100 410 1126 433 ιι
1161 395 1181 419 u

174 493 249 560 pere
258 471 453 550 videbantur,
472 471 652 537 aliisallum
659 494 755 537 manu
769 469 922 548 scindere,
943 469 1000 536 alii
1011 470 1104 538 fossas
1115 506 1128 527 ιι
1176 489 1207 512 ³=

175 565 261 652 plere
283 566 463 652 inciperent.
511 575 579 631 tum
602 564 722 632 Caesar
743 563 891 631 omnibus
917 564 1020 651 portis
1052 595 1066 622 a
1101 575 1136 622 ,π
1166 590 1172 612 ι

175 660 260 728 facta
277 661 478 746 equitatuque
491 660 608 726 emisso
622 659 762 726 celeriter
774 660 882 726 hostes
902 660 938 724 in
955 658 1064 749 fugam
1076 660 1126 739 dat,
1179 679 1180 702 ³

174 754 221 821 uti
243 756 370 823 omnino
387 755 550 842 pugnandi
567 777 664 821 causa
684 755 843 821 resisteret
859 776 974 834 nemo,
996 776 1138 843 =mogn·‹1‚
1163 791 1207 878 μ

175 871 217 916 ex
234 849 279 916 eis
296 871 463 915 numerum
480 849 594 916 occidit
611 859 705 934 atque
723 871 831 915 omnes
849 849 951 915 armis
969 848 1065 915 exuit
1171 872 1180 895 ι
1191 871 1207 892 ¹

124 962 158 1014 ta
239 942 385 1030 Longius
402 945 551 1030 prosequi
568 943 700 1022 veritus,
723 943 809 1028 quod
827 941 925 1008 siluae
947 942 1125 1030 paludesque
1175 980 1177 992 ·

175 1037 375 1105 tercedebant
392 1059 494 1122 neque
512 1038 606 1104 etiam
618 1037 749 1124 parvulo
762 1037 950 1105 detrimento
963 1037 1085 1106 illorum
1110 1068 1125 1096 u
1166 1060 1207 1156 ᾗ

174 1131 309 1217 relinqui
325 1132 466 1212 videbat,
490 1132 636 1199 omnibus
659 1133 724 1198 suis
742 1130 955 1198 incolumibus
978 1132 1075 1220 copiis
1096 1165 1124 1189 ιιι
1170 1154 1207 1179 2-

176 1226 227 1293 die
246 1228 287 1293 ad
305 1225 491 1293 Ciceronem
512 1227 662 1313 pervenit.
707 1227 864 1291 institutas
888 1235 1006 1306 turres,
1052 1256 1126 1285 ιυιιιι
1168 1182 1207 1344 t

175 1320 425 1407 munitionesque
447 1321 587 1387 hostium
612 1321 796 1400 admiratum
823 1319 950 1408 legione
975 1321 1135 1409 producto
1169 1320 1205 1367 ¹⁸·

174 1417 298 1506 gnoscit
314 1438 378 1482 non
395 1416 552 1482 decimum
569 1436 726 1499 quemque
742 1436 811 1481 esse
824 1414 983 1499 reliquum
994 1415 1112 1481 militem
1124 1412 1136 1469 ι’

174 1511 317 1577 vulnerer
340 1532 381 1575 ex
397 1510 447 1576 his
466 1508 610 1576 omnibus
628 1510 745 1575 iudicat
761 1508 871 1587 rebus,
895 1518 1016 1593 quanto
1034 1531 1099 1576 cum
1116 1540 1132 1563 ·-
1178 1529 1204 1559 *a

175 1606 246 1672 curlo
265 1616 297 1670 et
313 1614 430 1690 quanta
446 1626 518 1670 cum
535 1604 650 1670 virtute
662 1627 712 1669 res
727 1604 789 1669 sint
802 1604 1045 1671 administratae.
1105 1632 1138 1659 ιιι
1178 1563 1207 1723 ἱ

174 1721 249 1766 nem
265 1722 322 1786 pro
344 1700 411 1765 eius
435 1700 546 1765 merito
568 1701 787 1787 legionemque
809 1698 981 1780 collaudat3
1007 1722 1065 1766 ceu
1082 1730 1122 1755 ιιι

176 1794 358 1882 singillatim
367 1793 571 1879 tribunosque
584 1795 717 1859 militum
731 1793 877 1880 appellat,
895 1815 1031 1879 quorum
1043 1816 1075 1875 eg
1099 1790 1130 1872 ιμ’
1182 1749 1207 1911 ξ

174 1889 275 1956 fiisse
292 1889 439 1955 virtutem
457 1889 634 1955 testimonio
654 1888 815 1956 Ciceronis
834 1898 1036 1976 cognoverat
1068 1889 1102 1954 de
1119 1921 1127 1943 ι
1192 1912 1207 1938 s

177 1982 289 2051 Sabini
311 1993 343 2049 et
365 1981 478 2050 Cottae
501 1985 614 2049 certius
641 2006 682 2048 ex
704 1984 834 2069 captivis
861 1984 1035 2072 cognoscit
1083 2014 1153 2054 ιι-ιι,
1181 1939 1207 2029 ἦ

175 2078 226 2144 die
244 2078 393 2144 concione
410 2078 601 2144 habitarem
622 2087 746 2165 gestam
766 2077 926 2164 proponit,
954 2076 1068 2144 milites
1092 2107 1131 2133 ιιι
1176 2032 1207 2122 ²!

165 2170 257 2239 *latur
275 2183 305 2239 et
324 2173 499 2239 confirmat:
524 2171 609 2257 quod
627 2172 847 2237 detrimentum
869 2172 964 2256 culpa
980 2180 1012 2237 et
1029 2169 1132 2236 teum
1173 2125 1207 2290 ξ

174 2267 271 2354 legati
289 2268 329 2333 eit
347 2277 523 2353 acceptum,
546 2266 607 2331 hoc
625 2266 771 2350 aequiore
789 2265 893 2330 animo
911 2264 1078 2331 ferundum
1101 2292 1136 2321 ιιι
1173 2284 1207 2372 Ι·

176 2362 261 2445 quod
279 2360 430 2427 beneficio
448 2362 578 2426 deorum
595 2359 819 2425 immortalium
841 2368 872 2424 et
889 2359 1005 2424 virtute
1023 2378 1118 2426 eorum
1176 2375 1207 2402 *⁴¹

174 2455 260 2541 piato
285 2455 484 2520 incommodo
506 2476 609 2538 neque
634 2453 779 2520 hostibus
806 2453 926 2519 diutina
947 2452 1073 2520 laetatio
1101 2479 1139 2507 ιιι
1174 2470 1187 2495 l

125 2566 158 2617 53
175 2548 252 2634 ipsis
271 2546 393 2635 longior
409 2549 498 2614 dolor
514 2548 715 2632 relinquatur.
751 2549 875 2614 interim
892 2548 933 2612 ad
949 2547 1118 2614 Labienum
1136 2575 1149 2597 ι
1175 2565 1177 2572 ’

175 2640 294 2707 Remos
311 2641 485 2707 incredibili
503 2642 659 2708 celeritate
675 2643 714 2708 de
729 2643 860 2708 victoria
873 2640 1021 2709 Caesaris
1034 2641 1111 2708 tama
1127 2666 1146 2694 ιι
1186 2665 1191 2687 ·

176 2734 287 2813 fertur,
310 2744 358 2811 ut,
383 2757 454 2800 cum
473 2735 512 2801 ab
530 2736 669 2802 hibernis
689 2734 850 2802 Ciceronis
868 2735 955 2801 milia
975 2756 1119 2823 passuum
1136 2763 1138 2766 ’
1183 2757 1194 2780 ⁵³

176 2837 260 2893 esset
277 2829 397 2894 circiter
414 2829 497 2908 LX,
526 2852 625 2914 eoque
642 2841 714 2917 post
731 2830 842 2895 horam
863 2852 979 2895 nonam
1001 2831 1064 2895 diei
1105 2869 1114 2883 ι
1127 2857 1142 2882 ιι
1161 2849 1166 2880 ι’
1185 2865 1186 2868 ι

176 2921 378 3009 pervenisset,
397 2935 468 2989 ante
486 2926 622 2990 mediam
640 2937 763 2990 noctem
778 2925 819 2990 ad
831 2934 937 3010 portas
952 2935 1120 2990 saeuorum
1134 2950 1149 2975 ι
1168 2953 1169 2958 ’
1206 2945 1207 2948 ’

175 3038 245 3082 mor
265 3027 416 3097 oreretur,
444 3040 506 3102 quo
529 3019 663 3084 clamore
687 3017 872 3105 significatio
894 3018 1045 3083 victoriae
1066 3010 1207 3130 gratubssq

176 3113 281 3196 tioque
303 3111 343 3177 ab
360 3112 470 3177 Remis
488 3112 633 3179 Labieno
656 3112 753 3178 fieret.
797 3112 857 3179 hac
880 3111 966 3177 fama
987 3112 1030 3177 ad
1047 3111 1173 3177 ueras
1194 3141 1207 3225 ἱ

175 3206 295 3292 perlata
312 3207 560 3285 Indutiomarus,
586 3208 640 3292 qui
661 3217 787 3292 postero
805 3207 856 3272 die
873 3215 976 3271 castra
992 3205 1127 3272 Labieni
1139 3220 1175 3289 op·
1197 3228 1207 3319 ἰιι

176 3321 318 3386 pugnare
344 3301 537 3378 decreverat,
565 3311 660 3365 noctu
681 3301 823 3388 profugit
848 3301 1017 3386 copiasque
1040 3294 1205 3366 omnes'u*

177 3393 330 3459 Treveros
344 3395 473 3459 reducit.
503 3393 623 3461 Caesar
631 3395 766 3460 Fabium
781 3418 853 3461 cum
866 3418 924 3460 sua
936 3393 1065 3482 legione
1076 3386 1181 3460 remitC
1202 3414 1204 3442 ι

176 3487 209 3551 in
226 3485 365 3565 hiberna,
383 3489 451 3573 ipse
469 3511 541 3554 cum
558 3488 658 3555 tribus
676 3489 852 3575 legionibus
870 3490 987 3554 circum
1007 3482 1183 3554 Samarobfi·
1203 3448 1207 3532 l

176 3604 249 3646 vam
266 3581 354 3646 trinis
372 3581 509 3649 hibernis
528 3582 665 3648 hiemare
684 3584 844 3649 constituit
866 3594 910 3660 et,
933 3581 1019 3665 quod
1041 3583 1121 3648 tanti
1135 3599 1185 3646 mc·

177 3691 228 3742 tus
247 3672 369 3741 Galliae
387 3678 583 3756 exstiterant,
611 3688 708 3743 totam
726 3677 861 3741 hiemem
882 3678 950 3762 ipse
969 3676 1010 3741 ad
1032 3676 1185 3743 exercitus

176 3792 302 3835 manere
324 3768 471 3835 decrevit
515 3795 589 3837 nam
610 3771 664 3836 illo
686 3771 883 3836 incommodo
905 3771 945 3835 de
969 3767 1084 3836 Sabini
1105 3778 1187 3836 mort

176 3864 295 3950 perlato
313 3886 422 3931 omnes
439 3863 506 3930 fere
522 3863 644 3932 Galliae
663 3864 805 3931 civitates
823 3863 958 3932 debello
973 3864 1187 3938 consolabar,

176 3958 303 4024 nuntios
332 3957 568 4046 legationesque
598 3961 631 4025 in
661 3982 771 4026 omnes
801 3970 905 4045 partes
937 3958 1188 4033 dimiuebmtat

178 4051 254 4144 quid
265 4051 376 4141 reliqui
389 4053 511 4121 consilii
524 4064 668 4147 caperent
681 4064 774 4143 atque
788 4055 871 4120 unde
883 4054 1007 4122 initium
1015 4052 1092 4123 belli
1104 4053 1187 4128 fieret
