2414 4336
159 222 199 292 78
478 234 532 292 nn
549 235 676 292 annno
696 233 870 294 asnmco

157 361 393 448 insequentibus
410 383 468 449 par
484 370 579 445 atque
595 360 680 427 idem
696 361 875 449 periculum
892 361 1053 430 inferebat
1083 386 1094 431 r

157 458 251 525 debat
267 458 345 536 huc,
366 466 402 523 ut
418 478 591 541 numquam
609 455 755 535 conferti,
780 457 839 524 sed
856 458 923 523 rari
940 459 1094 547 magnisqu

157 552 294 618 tervsllis
325 550 549 638 proeliarentur
580 551 793 636 stationesque
823 552 1001 639 dispositas
1029 553 1094 621 habs

156 656 250 732 atque
267 645 345 712 alios
363 645 416 711 alii
434 645 580 732 deinceps
599 645 786 732 exciperent,
804 646 990 734 integrique
1006 658 1036 714 et
1046 670 1094 715 rect

105 763 136 812 17
156 740 335 827 defatigatis
353 740 565 806 succederent.
592 749 717 827 postero
734 739 785 805 die
798 741 912 826 procul
925 765 948 807 a
960 742 1094 810 castrislr

155 836 188 901 in
197 834 328 901 collibus
344 834 549 901 constiterunt
561 834 684 919 rarique
694 856 728 900 se
742 834 911 900 ostendere
921 845 955 902 et
967 834 1094 925 leniuaq

155 929 268 1016 pridie,
292 938 415 995 nostros
438 927 558 1014 equites
580 928 698 1015 proelio
720 927 879 1007 lacessere
901 941 1077 1018 coeperunt

155 1023 299 1101 meridie,
321 1045 394 1088 cum
413 1021 533 1089 Caesar
549 1021 719 1108 pabulandi
737 1045 834 1089 causa
852 1033 920 1089 tres
935 1024 1094 1114 legleness

156 1139 281 1183 omnem
299 1117 471 1202 equitatum
490 1138 562 1183 cum
578 1114 660 1183 Gaio
674 1115 833 1184 Trebonio
847 1117 960 1205 legato
978 1121 1094 1187 misisse

155 1222 249 1300 pente
271 1235 311 1278 ex
333 1212 478 1278 omnibus
501 1212 642 1298 partibus
665 1211 706 1277 ad
727 1211 932 1298 pabulatores
957 1215 1094 1282 advolavi

155 1307 201 1372 sic
226 1306 273 1371 uti
298 1304 338 1372 ab
366 1306 464 1393 signis
487 1305 728 1393 legionibusque
753 1327 818 1371 non
840 1305 1046 1374 absisterent.
1084 1332 1094 1373 ι

155 1401 307 1468 acriterin
316 1423 370 1467 eos
383 1401 504 1487 impetu
515 1400 600 1465 facto
614 1400 794 1487 repulerunt
806 1422 912 1486 neque
927 1402 1027 1468 finem
1041 1425 1094 1488 scqr

155 1496 309 1575 fecerunt,
333 1496 437 1580 quoad
455 1494 595 1561 subsidio
615 1494 725 1560 confisi
742 1495 877 1579 equites,
901 1519 980 1563 cum
1001 1507 1094 1584 pcstr

154 1591 265 1678 giones
283 1590 438 1668 viderent,
457 1590 643 1675 praecipites
660 1589 768 1655 hostes
786 1600 922 1676 egerunt
940 1613 1094 1678 magnoqu

154 1708 225 1750 rum
242 1706 371 1750 nurnero
392 1683 555 1750 interfecto
574 1705 676 1768 neque
700 1683 749 1749 sui
771 1683 944 1771 colligendi
967 1707 1094 1771 nequeo

155 1778 258 1845 stendi
275 1787 329 1843 ant
346 1800 386 1843 ex
404 1778 524 1843 essedis
547 1777 710 1843 desiliendi
733 1777 916 1845 facultatem
941 1781 1094 1847 dederunt

154 1875 214 1941 hac
231 1873 308 1960 fuga
324 1873 476 1960 protinus,
495 1894 576 1957 quae
594 1872 732 1958 undique
746 1885 971 1953 convenerant,
990 1875 1094 1941 auxilia

155 1976 324 2046 cesserunt,
343 1988 444 2052 neque
453 1975 525 2053 post
533 1966 567 2031 id
580 1976 704 2054 tempus
713 1988 864 2052 umquam
874 1969 1012 2035 summis
1024 1969 1094 2036 nobi

105 2083 137 2134 18
156 2064 254 2150 copiis
272 2063 379 2130 hostes
393 2063 628 2129 contenderunt.
657 2061 777 2130 Caesar
789 2065 916 2150 cognito
933 2066 1094 2132 consilioct

154 2159 195 2225 ud
208 2157 325 2224 flumen
334 2157 494 2224 Tamesim
506 2157 540 2222 in
553 2157 632 2223 fines
650 2156 881 2223 Cassivellauni
895 2159 1094 2227 exercitumd

154 2254 240 2338 quod
257 2252 374 2319 flumen
391 2276 454 2319 uno
473 2252 599 2319 omnino
617 2251 687 2318 loco
704 2251 855 2338 pedibus,
884 2263 981 2339 atque
1004 2255 1094 2321 hoca

154 2348 278 2415 transiri
294 2357 406 2434 potest.
435 2370 471 2413 eo
489 2369 562 2413 cum
579 2347 726 2426 venisset,
746 2347 885 2412 animum
903 2348 1040 2414 advertit
1055 2347 1088 2414 sd

152 2465 221 2508 ram
233 2441 372 2506 fluminis
385 2441 486 2527 ripam
500 2464 631 2527 magnas
646 2462 716 2507 esse
730 2441 836 2526 copias
851 2440 993 2507 hostium
1006 2443 1094 2508 instrn

153 2537 221 2623 ripa
238 2545 343 2601 autern
362 2546 427 2601 erat
445 2536 544 2602 acutis
564 2536 694 2602 sudibus
712 2536 859 2622 praefixis
878 2538 1010 2617 munito,
1030 2539 1094 2603 eiust

153 2653 215 2715 que
236 2631 360 2716 generis
384 2630 443 2697 sub
471 2654 553 2717 aqua
575 2631 696 2697 defixae
719 2632 813 2697 sudes
836 2632 966 2698 flumine
988 2632 1094 2722 tegebs

153 2725 202 2790 his
220 2724 314 2790 rebus
329 2725 461 2812 cognitis
476 2749 495 2791 a
508 2727 640 2812 captivis
654 2726 859 2814 perfugisque
875 2726 996 2794 Caesar
1009 2751 1094 2816 pracn

154 2818 294 2903 equitatu
312 2819 478 2885 confestim
495 2820 635 2907 legiones
655 2821 805 2907 subsequi
821 2821 924 2887 iussit.
971 2824 1030 2889 sed
1047 2846 1082 2890 ea

152 2914 244 2979 ritate
261 2921 354 2998 atque
372 2936 409 2980 eo
427 2915 546 3001 impetu
563 2915 678 2981 milites
695 2916 811 2994 icrunt,
839 2938 912 2981 cum
935 2919 1039 3004 capite
1056 2917 1094 2984 sol

153 3030 235 3093 aqua
253 3017 423 3087 exstarent,
447 3020 482 3074 ut
503 3009 611 3075 hostes
629 3010 781 3097 impetum
797 3010 960 3096 legionum
981 3024 1075 3099 atque
1090 3038 1094 3075 ι

153 3113 221 3168 tum
238 3103 391 3168 sustinere
404 3126 468 3169 non
480 3115 611 3190 possent
622 3105 769 3191 ripasque
783 3105 974 3171 dimitterent
987 3131 1026 3174 ac
1039 3107 1094 3174 sel

104 3215 135 3264 19
152 3198 345 3263 mandarent.
381 3195 667 3279 Cassivellaunus,
699 3210 734 3265 ut
761 3222 855 3286 supra
886 3201 1094 3269 demonstravi

154 3293 238 3357 omni
255 3293 397 3380 deposita
410 3316 467 3380 spe
480 3294 685 3360 contentionis
699 3295 837 3361 dimissis
851 3297 1056 3382 amplioribus
1069 3319 1094 3363 ct

153 3386 278 3452 milibus
297 3387 419 3454 circiter
435 3398 582 3474 quattuor
604 3389 833 3455 essedariorum
854 3391 972 3457 relictis
994 3392 1094 3457 itinera

154 3491 218 3546 stra
240 3482 399 3563 servabat,
421 3485 612 3570 paulumque
635 3506 676 3549 ex
696 3485 749 3550 via
771 3485 943 3551 excedebat
965 3485 1094 3571 locisque

51 3630 54 3636 .
152 3575 266 3661 peditis
284 3599 321 3642 ac
340 3577 535 3646 silvestribus
554 3602 624 3646 sese
640 3579 816 3647 occultabat
829 3591 922 3664 atque
935 3580 975 3645 iis
988 3582 1094 3669 region

154 3668 266 3754 quibus
284 3694 342 3736 nos
360 3673 419 3738 iter
436 3672 572 3740 facturos
587 3685 785 3762 cognoverat,
804 3697 917 3761 pecora
930 3684 1026 3760 atque
1040 3677 1094 3742 hon

154 3788 193 3829 ex
215 3765 298 3852 agris
320 3766 353 3830 in
380 3765 475 3832 silvas
498 3767 704 3855 compellebat
727 3778 772 3847 et,
801 3791 872 3834 cnm
893 3770 1053 3852 equitatus
1075 3794 1094 3835 n

152 3856 280 3924 liberius
297 3860 469 3946 praedandi
486 3863 692 3947 vastandique
710 3885 806 3928 causa
823 3885 857 3928 se
874 3862 907 3927 in
925 3887 1019 3951 agros
1039 3866 1094 3931 eie<

149 3950 296 4018 omnibus
320 3953 379 4020 viis
402 3954 587 4041 semitisque
609 3957 785 4023 essedarios
802 3979 846 4021 ex
864 3956 952 4022 siluis
972 3958 1094 4026 emitteb

133 4070 257 4137 magno
267 4072 343 4120 cum
351 4051 501 4144 periculo
510 4062 700 4153 nostrorum
710 4051 858 4138 equitum
863 4048 992 4133 pumirs
1002 4050 1094 4113 acub
