2414 4336
433 251 550 309 COMM.
569 251 649 310 VIII.
668 253 784 308 12-15.
1054 241 1113 307 161

104 372 150 441 vix
166 375 300 440 iudicari
316 384 437 461 posset,
460 385 564 441 utrum
582 376 727 442 secundis
744 375 943 461 minimisque
959 376 1053 443 rebus
1069 378 1119 443 in-

105 468 296 548 solentiores,
322 492 364 535 sn
384 469 516 537 adverso
538 469 687 537 mediocri
708 491 784 536 casu
810 469 980 536 timidiores
1003 481 1117 540 essent.

104 562 310 651 compluribus
337 563 448 631 diebus
472 564 586 631 iisdem
611 564 645 628 in
670 563 781 631 cestris
808 565 1014 651 consumptis,
1046 587 1119 632 eum
1136 584 1170 638 14

75 686 78 691 ·
101 658 225 745 propius
242 658 414 726 accessisse
429 657 569 746 legiones
588 668 619 724 et
636 654 753 726 Gaium
771 657 964 725 Trebonium
979 658 1119 746 legatum

99 761 302 840 cognossent,
328 753 424 818 duces
442 752 682 819 Bellovacorum
698 752 789 819 veriti
811 752 945 820 similem
962 752 1120 821 obsessio·

93 863 169 914 uem
195 843 326 912 Alesiae
352 855 447 913 noctu
472 847 632 913 dimittunt
656 869 726 926 eos,
752 868 832 932 quos
859 857 914 913 aut
938 856 1040 914 aetate
1065 857 1120 914 eut

91 939 217 1007 viribus
238 939 399 1008 inferiores
422 949 476 1007 aut
496 940 631 1007 inermes
652 940 823 1020 habebant,
850 962 975 1028 unaque
1000 940 1120 1028 reliqua

84 1032 329 1123 impedimenta.
365 1058 498 1121 quorum
514 1035 728 1124 perturbatum
745 1045 777 1103 et
793 1036 960 1104 confusum
977 1037 1052 1103 dum
1065 1059 1120 1104 ex·

80 1131 215 1215 plicant
240 1154 354 1218 agmen
379 1129 514 1219 (magna
538 1131 622 1198 enim
646 1131 814 1199 multitudo
841 1153 999 1198 carrorum
1024 1131 1120 1198 etiam

82 1223 260 1311 expeditos
287 1226 377 1311 sequi
399 1222 508 1292 Gallos
535 1225 725 1310 consuevit),
752 1226 893 1312 oppressi
917 1224 988 1292 luce
1014 1225 1120 1313 copias

83 1328 287 1386 armatomm
312 1342 369 1406 pro
391 1320 457 1386 suis
477 1319 635 1386 instruunt
661 1320 784 1398 castris,
810 1341 850 1385 ne
875 1321 963 1406 prius
984 1319 1120 1387 Romani

85 1412 244 1500 persequi
261 1435 295 1479 se
312 1413 496 1500 inciperent,
523 1435 619 1500 quam
634 1413 759 1501 longius
781 1435 895 1502 agmen
915 1413 1120 1502 impedimen·

92 1516 202 1574 torum
218 1528 346 1573 suorum
367 1507 581 1594 processisset
624 1516 658 1573 at
675 1506 794 1575 Caesar
814 1529 916 1592 neque
938 1508 1119 1575 resistentes

95 1600 329 1690 sggrediundos
355 1611 441 1668 tanto
463 1603 551 1670 collis
572 1623 706 1670 ascensu
732 1601 903 1680 iudicabat,
930 1624 1032 1688 neque
1056 1625 1120 1670 non

98 1717 199 1781 usque
220 1716 258 1761 eo
279 1695 418 1784 legiones
440 1697 665 1776 admovendas,
692 1705 728 1762 ut
750 1696 909 1763 discedere
930 1719 971 1762 ex
992 1718 1030 1764 eo
1051 1696 1121 1764 loeo

101 1790 167 1857 sine
193 1790 331 1877 periculo
356 1790 482 1857 barbari
507 1790 657 1858 militibus
683 1790 871 1858 instantibus
895 1813 960 1858 non
980 1802 1119 1880 possent.

100 1881 154 1964 ite,
183 1906 256 1950 eum
272 1884 386 1971 palude
407 1884 556 1971 impedita
578 1909 598 1951 a
620 1885 731 1952 castris
749 1893 852 1951 castre
873 1885 970 1951 dividi
991 1886 1119 1964 videret,

102 1996 179 2062 quse
196 1978 378 2046 transeundi
395 1979 562 2046 difficultas
585 1979 774 2047 celeritatem
796 1980 982 2064 insequendi
998 1980 1120 2047 tardere

100 2079 219 2155 posset,
246 2080 339 2158 atque
364 2073 398 2137 id
419 2073 542 2160 iugum,
570 2073 655 2158 quod
676 2085 761 2138 trans
786 2073 934 2158 paludem
958 2094 1057 2159 paene
1078 2073 1120 2140 ad

98 2161 236 2235 hostium
253 2176 356 2234 cestre
372 2167 553 2254 pertineret,
579 2166 727 2234 mediocri
744 2166 826 2232 valle
843 2191 863 2233 a
884 2168 993 2234 castris
1012 2190 1119 2234 corum

97 2255 279 2329 intercisum
295 2262 435 2329 animum
452 2262 638 2340 adverteret,
664 2258 814 2347 pontibus
830 2260 945 2349 palude
964 2270 1121 2329 constrato

92 2351 241 2447 legiones
262 2357 396 2424 traducit
417 2357 618 2443 celeriterque
639 2356 673 2422 in
694 2378 850 2422 summam
870 2355 1036 2443 planiciem
1052 2356 1120 2445 iugi

88 2452 248 2538 pervenit,
267 2473 347 2537 quae
364 2450 477 2518 declivi
493 2450 620 2538 fastigio
637 2450 760 2518 duobus
777 2449 818 2516 ab
833 2449 982 2517 lateribus
999 2451 1121 2517 munie-

88 2541 199 2614 batur.
243 2545 288 2613 ibi
308 2544 484 2633 legionibus
505 2545 665 2612 instructis
688 2545 729 2611 ad
749 2544 894 2610 ultimum
919 2545 1028 2633 iugum
1049 2567 1120 2633 per·

92 2641 184 2709 venit
206 2640 366 2726 aciemque
388 2661 426 2707 eo
446 2641 516 2708 loeo
538 2640 711 2720 constituit,
737 2639 822 2705 unde
844 2648 996 2706 tormento
1022 2640 1121 2706 missa

90 2736 162 2804 tela
187 2733 221 2800 in
246 2732 385 2801 hostium
411 2757 527 2804 cuneos
553 2734 653 2802 conici
677 2743 816 2823 possent
859 2732 984 2801 barbari
1010 2733 1120 2802 contisi
1138 2755 1170 2806 15

91 2829 160 2898 loci
177 2837 296 2908 natura,
316 2851 388 2895 cum
405 2827 552 2897 dimicare
568 2852 631 2896 non
644 2837 832 2908 recusarent,
852 2828 879 2895 si
892 2827 973 2896 forte
985 2828 1121 2896 Romani

95 2923 204 2991 subire
222 2923 333 2990 collem
350 2934 548 3004 conarentur,
574 2924 725 3011 paulatim
747 2924 854 3010 copias
873 2923 1055 2992 distributas
1072 2925 1120 2989 di-

93 3018 221 3085 mittere
241 3040 304 3085 non
323 3028 466 3105 possent,
493 3041 533 3085 ne
555 3019 690 3106 dispersi
710 3018 976 3107 perturbarentur,
1003 3019 1036 3084 in
1053 3019 1121 3084 acie

93 3122 343 3200 permenserunt.
393 3134 525 3199 quorum
550 3112 720 3200 pertinacia
750 3113 875 3200 cognita
903 3109 1022 3178 Caesar
1045 3110 1121 3178 XX

95 3206 278 3275 cohortibus
289 3207 449 3274 instructis
458 3207 630 3293 castrisque
644 3229 681 3275 eo
693 3207 763 3273 loeo
776 3205 899 3272 metetis
909 3204 1022 3270 muniri
1033 3203 1121 3272 iubet

96 3311 210 3368 casua
237 3300 389 3369 absolutis
402 3301 549 3389 operibus
561 3302 714 3389 provallo
727 3300 867 3389 legiones
880 3299 1048 3366 instructas
1057 3300 1120 3367 col·

95 3397 190 3476 locat,
209 3396 329 3482 equites
342 3395 471 3464 frenatis
485 3397 573 3482 equis
585 3397 620 3462 in
633 3395 766 3464 statione
779 3394 925 3481 disponit.
948 3393 1118 3474 Bellovaci,

97 3513 172 3560 cum
193 3490 354 3558 Romenos
380 3491 421 3557 ad
444 3490 674 3576 insequendum
700 3497 824 3575 paratos
850 3487 993 3554 viderent
1017 3510 1119 3574 neque

96 3594 280 3673 pemoctere
297 3595 352 3652 aut
369 3584 485 3651 diutius
502 3605 684 3673 permanere
697 3583 763 3649 sine
775 3581 914 3669 periculo
927 3584 1037 3650 eodem
1048 3582 1119 3650 loco

96 3689 238 3767 possent,
257 3679 318 3747 tale
336 3679 501 3747 consilium
518 3678 569 3747 sui
584 3677 754 3764 recipiendi
767 3686 926 3763 ceperunt
952 3677 1066 3756 fasces,
1084 3687 1119 3744 ut

97 3783 324 3842 consueverant
350 3771 501 3863 [namque
525 3772 559 3840 in
584 3771 652 3839 scie
677 3771 787 3839 sedere
810 3767 921 3839 Gellos
949 3791 1119 3838 consuesse

97 3868 312 3956 superioribus
334 3867 563 3938 commentariis
583 3865 729 3934 anseris
752 3864 942 3932 declaratum
958 3861 1036 3952 est],
1062 3886 1119 3952 per

96 3986 210 4031 manus
228 3974 466 4034 stramentorum
483 3985 521 4032 cc
536 3960 752 4052 virgultorum,
770 3981 903 4048 qnorum
918 3982 1040 4027 summe
1053 3969 1120 4028 erat

89 4058 124 4124 iu
136 4059 254 4203 aerugo
276 4061 380 4148 copia,
408 4061 492 4130 inter
508 4081 544 4131 se
566 4057 703 4131 traditos
725 4066 802 4129 onte
816 4055 925 4128 aciem
941 4055 1147 4219 epxllccoxunt

170 4160 208 4201 ἔω
232 4171 306 4206 cesar.
