2414 4336
382 204 584 266 comatur.
603 206 721 263 eo-st
1001 190 1062 263 141

143 353 231 400 nunc
248 331 337 401 exitu
354 331 512 412 victoriae,
531 354 604 399 cum
617 332 769 419 septimae
782 329 914 418 legionis
933 330 1066 400 tribunis

88 508 93 515 .
133 427 329 508 nuntiatum,
358 449 440 513 quae
458 427 493 494 in
510 427 636 494 sinistro
654 448 752 494 cornu
772 436 967 513 gererentur,
993 437 1067 514 post

124 590 127 596 .
174 522 318 590 hostium
333 521 491 609 legionem
503 522 707 589 ostenderunt
720 521 873 608 signaque
885 520 1064 590 intulerunt

150 617 281 703 quidem
299 625 439 703 tempore
457 616 625 701 quisquam
640 615 711 682 loco
729 614 838 694 cessit,
862 615 919 681 sed
936 616 1063 682 circum·

109 710 124 785 ,’
148 733 262 780 omnes
286 710 505 797 interfectique
531 720 614 778 sunt
658 710 790 778 eandem
815 709 975 776 fortunam
996 709 1066 776 tulit

127 807 292 896 ulogenus.
337 815 370 873 at
384 805 422 886 ii,
440 805 495 891 qui
510 806 668 894 praesidio
686 815 793 873 contra
810 815 913 872 caetra
929 804 1067 873 Labieni

144 901 260 981 relicti,
283 922 357 968 oum
373 900 527 987 proelium
544 901 748 968 commissum
765 899 942 980 audissent,
965 899 1068 968 subsi-

113 996 174 1065 suis
191 997 296 1063 ierunt
316 991 491 1080 collemque
508 1004 657 1082 ceperunt
673 1017 776 1080 neque
793 1005 970 1064 nostrorum
986 993 1068 1072 miti,

126 1092 280 1159 victorum
296 1089 449 1177 impetum
468 1089 621 1157 sustinere
637 1099 815 1176 potuerunt
852 1091 898 1157 sic
916 1113 987 1157 cum
1002 1088 1067 1155 suis

106 1181 236 1251 'entibus
252 1182 408 1271 permixti,
426 1204 507 1268 quos
523 1207 588 1251 non
602 1185 699 1250 silvae
713 1192 898 1269 montesque
914 1192 1067 1262 texerunt,

100 1278 241 1364 equitatu
258 1287 331 1344 sunt
351 1276 517 1344 interfecti.
560 1277 622 1344 hoc
642 1277 769 1365 negotio
791 1277 935 1344 confecto
951 1277 1069 1345 Labie-

121 1373 289 1439 revertitur
304 1370 521 1459 Agedincum,
549 1372 602 1439 ubi
625 1372 848 1460 impedimenta
868 1372 963 1438 totius
981 1395 1069 1438 exer·

137 1465 251 1532 relicta
266 1474 368 1533 erant:
386 1465 459 1530 inde
477 1487 549 1532 cum
567 1466 712 1533 omnibus
731 1465 830 1553 copiis
844 1466 885 1532 ad
899 1464 1069 1533 Caesarem

59 1560 194 1627 ervenit,

104 1653 295 1721 Defectione
311 1651 519 1720 Haeduorum
537 1655 663 1741 cognita
680 1655 797 1738 bellum
814 1665 955 1743 augetur.
982 1655 1069 1743 lega·
1088 1675 1121 1726 es

59 1763 144 1817 ones
161 1748 195 1815 in
212 1769 321 1815 omnes
338 1757 444 1835 partes
467 1748 763 1816 circummittuntur:
785 1760 936 1836 quantum
957 1748 1068 1837 gratia,

59 1842 240 1921 uctoritate,
266 1842 401 1928 pecunia
422 1841 541 1922 valent,
570 1842 611 1908 ad
629 1843 839 1910 sollicitandas
862 1843 1004 1910 civitates
1021 1843 1070 1910 ni-

59 1947 166 2016 lntur3
184 1937 290 2003 nancti
307 1932 444 2015 obsides,
463 1957 542 2021 quoa
562 1935 682 2004 Caesar
698 1938 784 2023 apud
800 1959 854 2004 eos
873 1939 1068 2024 deposuerat,

59 2052 157 2099 orum
175 2030 328 2117 supplicio
345 2027 525 2097 dubitantes
543 2031 693 2098 territant.
735 2041 846 2119 petunt
862 2055 882 2098 a
898 2031 1070 2118 Vercinge-

59 2125 144 2213 mige
156 2123 295 2204 Haedui,
313 2124 354 2190 ad
371 2146 406 2191 se
424 2124 529 2191 veniat
544 2125 743 2210 rationesque
756 2124 830 2192 belli
842 2125 973 2211 gerendi
985 2148 1069 2192 com-

59 2220 190 2295 unnicet
216 2242 251 2286 re
267 2220 432 2306 impetrata
449 2220 648 2300 contendunt,
666 2229 702 2286 ut
718 2219 796 2307 ipsis
809 2242 932 2287 summa
948 2221 1069 2307 imperii

59 2313 198 2393 amaa,
225 2323 257 2380 et
281 2335 316 2380 re
341 2313 375 2379 in
401 2313 646 2380 controversiam
671 2314 807 2381 deducta
827 2314 923 2380 totius
947 2311 1069 2382 Galliae

59 2407 212 2476 suebum
228 2407 375 2475 Bibracte
393 2407 548 2475 indicitur.
593 2409 704 2476 eodem
726 2408 915 2476 conveniunt
934 2409 1070 2496 undique

59 2500 236 2589 'requentea
288 2500 494 2568 multitudinis
526 2502 686 2591 suffragiis
715 2525 766 2569 res
796 2503 999 2590 permittitur:
1030 2504 1071 2570 ad

59 2619 143 2665 mum
161 2619 270 2664 omnes
288 2595 579 2686 Vercingetorigem
600 2598 735 2685 probant
756 2599 985 2685 imperatorem.
1030 2597 1069 2666 ab

59 2713 106 2759 roc
124 2691 255 2760 concilio
271 2690 373 2771 Remi,
391 2690 567 2779 Lingones,
586 2692 717 2760 Treveri
734 2692 893 2760 afuerunt:
911 2693 966 2772 illi,
985 2694 1071 2779 quod

59 2785 216 2853 imicitiam
223 2785 440 2853 Romanorum
453 2785 676 2872 sequebantur3
692 2787 830 2868 Treveri,
844 2788 931 2874 quod
942 2787 1071 2856 aberant

59 2880 171 2970 longius
198 2890 230 2948 et
255 2880 295 2948 ab
319 2877 486 2949 Germanis
512 2881 747 2968 premebantur:
774 2906 855 2969 quae
877 2883 938 2950 fuit
965 2907 1069 2963 causa,

59 2994 143 3060 quare
170 2984 235 3043 toto
261 2974 409 3043 abessent
437 2975 521 3043 bello
548 2985 578 3043 et
609 2977 727 3045 neutris
758 2977 875 3044 auxilia
903 2979 1068 3044 mitterent

59 3090 162 3160 nagno
180 3070 286 3139 dolore
302 3069 431 3138 Haedui
448 3071 553 3137 ferunt
570 3094 605 3138 ee
623 3073 759 3139 deiectos
781 3073 971 3160 principatu,
995 3093 1071 3156 que-

59 3175 158 3232 untur
179 3163 323 3233 fortunae
345 3167 619 3235 commutationem
641 3179 672 3232 et
691 3165 837 3234 Caesaris
857 3167 891 3231 in
913 3187 948 3232 se
968 3165 1071 3232 indul·

59 3259 186 3346 gentiam
203 3260 376 3346 requirunt3
394 3282 496 3347 neque
514 3273 619 3329 tamen
636 3270 782 3347 suscepto
795 3260 877 3326 bello
891 3282 984 3326 suum
997 3282 1072 3326 con-

59 3353 153 3420 ilium
175 3352 215 3421 ab
236 3353 364 3442 reliquis
385 3377 530 3442 separare
552 3356 677 3422 audent
720 3355 810 3420 inviti
837 3376 977 3420 summae
1004 3355 1072 3442 spei

59 3447 265 3515 dulescentes
294 3448 490 3537 Eporedorix
520 3461 552 3516 et
576 3448 794 3517 Viridomarus
820 3447 1072 3537 Vercingetorigi

59 3550 167 3609 tarent.
202 3543 270 3630 ipse
288 3543 421 3631 imperat
437 3543 565 3629 reliquis
584 3543 762 3609 civitatibus
781 3542 907 3611 obsides
925 3545 1071 3630 diemque
1089 3565 1122 3616 et

59 3635 121 3702 nuic
138 3636 184 3701 rei
202 3637 371 3705 constituit.
398 3660 507 3705 omnes
525 3636 656 3721 equites,
673 3637 742 3706 XV
760 3639 846 3705 milia
862 3661 1002 3718 numero,
1021 3661 1073 3706 ce-

59 3729 152 3797 eriter
168 3732 335 3799 convenire
352 3731 452 3799 iubet:
478 3732 628 3819 peditatu,
647 3754 742 3817 quem
759 3743 830 3799 ante
847 3731 1012 3812 habuerat,
1037 3756 1071 3800 se

59 3824 116 3891 'ore
133 3834 314 3892 contentum
331 3825 414 3908 dicit,
433 3848 534 3913 neque
552 3825 711 3894 fortunam
728 3837 950 3915 temptaturum
968 3828 1071 3895 autin

59 3919 115 3985 tcie
133 3919 367 4002 dimicaturum
390 3922 459 4002 sed,
478 3920 625 4007 quoniam
642 3921 780 3989 abundet
797 3921 950 4007 equitatu,
968 3920 1072 4009 perfa-

59 4012 107 4083 tile
116 4035 187 4083 esee
195 4014 282 4087 factu
290 4015 583 4088 frumentationibus
592 4014 1071 4109 pabulationibusqueRomanos
