2528 4336
196 247 258 314 176
339 261 391 316 nn
408 260 535 317 annno
555 258 722 319 clance
741 260 859 317 noun.
872 260 951 318 vnr.
964 261 1077 343 anes²
1250 244 1257 261 '

191 398 350 444 armorum
372 375 518 443 Caesaris
539 376 689 455 laederet,
716 376 862 461 quoniam
884 375 964 442 Pom
994 377 1014 393 '⁶
1043 374 1210 445 dominatio
1249 368 1262 455 Ξ,

192 471 286 544 atque
303 484 390 528 arma
406 484 470 527 non
487 461 650 526 minimum
667 471 815 528 terrorem
832 462 931 528 foro'
969 471 1085 540 errent,
1113 461 1211 527 disoe-
1255 462 1260 513 ἓ

192 547 280 614 deret
304 557 434 632 uterque
454 547 495 614 ab
518 548 612 614 armis
639 547 854 631 exercitusque
875 547 1056 612 dimitteret:
1081 546 1212 631 fore-eo
1253 578 1259 619 ς

191 631 277 697 facto
298 632 429 699 liberam
450 642 482 698 et
504 633 554 698 sui
575 632 650 698 iuris
673 632 840 698 civitatem.
883 654 984 717 neque
1009 633 1071 698 hoo
1092 641 1213 699 tantum

191 717 348 803 pollicitus
366 729 423 797 est,
443 718 499 783 sed
516 718 610 783 etiam
626 740 683 803 per
695 740 730 784 se
742 718 967 785 discessionem
979 719 1082 785 facere
1096 717 1213 803 coepit3
1245 758 1248 763 -

192 803 278 886 quod
298 826 339 869 ne
360 803 462 882 fieret,
490 803 635 869 consules
658 803 812 887 amicique
833 802 966 889 Pompei
987 803 1160 881 iusserunt,
1183 810 1215 867 at

143 908 175 958 aa
192 889 304 975 reliqui
317 901 415 954 tomm
428 911 529 954 omnes
543 911 576 954 co
590 888 811 954 discesserunt
838 911 987 975 magnum
1000 887 1062 953 hoo
1073 889 1216 953 testimo·
1245 942 1248 947 .

193 973 280 1039 nium
298 984 425 1040 senatus
443 983 510 1040 erat
526 974 664 1039 universi
682 975 933 1058 conveniensque
951 973 1103 1061 superiori
1119 973 1215 1038 facto.

192 1081 267 1124 nam
284 1057 454 1125 Marcellus
472 1059 615 1146 proximo
632 1082 729 1137 anno,
756 1081 828 1124 cum
849 1059 1048 1159 impugnaret
1066 1056 1216 1124 Caesaris
1261 1126 1263 1135 ,

193 1144 387 1230 dignitatem,
404 1154 513 1210 contra
529 1144 558 1211 le
582 1167 633 1210 em
649 1142 783 1244 Pompei
800 1153 831 1208 et
850 1141 959 1209 Crassi
980 1143 1127 1209 retulerat
1143 1152 1216 1209 ante

92 1248 94 1253 ·
193 1238 317 1331 tempus
335 1230 377 1295 ad
394 1239 537 1296 senatum
555 1167 594 1295 de
613 1228 759 1296 Caesans
781 1229 963 1315 provinciis,
991 1228 1217 1313 sententiisque

193 1315 284 1381 dictis
310 1315 534 1381 discessionem
559 1314 693 1380 faciente
717 1312 884 1393 Marcello,
915 1315 969 1400 qui
1000 1312 1060 1379 sibi
1090 1335 1217 1379 omnem

194 1400 377 1486 dignitatem
390 1423 430 1466 ex
444 1398 590 1466 Caesaris
604 1400 721 1465 invidia
733 1399 912 1483 quaerebat,
927 1408 1054 1464 senatus
1066 1399 1217 1483 frequens

192 1486 226 1551 in
243 1485 305 1552 alia
321 1487 425 1552 omnia
442 1485 573 1552 transiit.
599 1485 713 1569 quibus
730 1508 794 1552 non
811 1484 1036 1572 frangebantur
1048 1485 1144 1549 animi
1158 1485 1218 1549 ini·

193 1571 346 1637 micorum
364 1571 524 1650 Caesaris,
544 1571 600 1637 sed
617 1570 877 1650 admonebantur,
895 1592 957 1654 quo
973 1571 1108 1636 maiores
1185 1593 1219 1634 a·

193 1666 262 1721 rent
279 1657 494 1735 necessitates,
521 1655 636 1741 quibus
658 1658 729 1744 cogi
749 1665 857 1757 posset
875 1666 1002 1722 senatus
1022 1655 1056 1720 id
1094 1676 1129 1721 ro
1151 1677 1217 1732 are,

144 1762 177 1811 54
195 1742 307 1826 quodi
330 1743 358 1806 si
375 1742 617 1808 constituissent.
661 1742 696 1806 fit
714 1742 825 1808 demde
843 1751 1046 1808 senatuscons
1082 1749 1164 1819 tum,
1182 1749 1218 1805 ut

195 1826 236 1891 ad
253 1827 292 1891 be
315 1849 369 1890 um
385 1825 568 1892 Parthicum
589 1826 672 1914 legio
689 1850 752 1892 una
773 1850 793 1892 a
811 1824 872 1892 Cu.
889 1826 1056 1914 Pompeio,
1082 1824 1219 1890 alteraa

196 1909 234 1977 O.
254 1909 391 1977 Caesare
411 1912 599 1992 mitteretur;
625 1934 726 1997 neque
749 1911 880 1978 obscure
902 1913 982 1978 dnae
1002 1911 1144 1998 legiones
1163 1910 1218 1975 uni

194 1996 405 2063 detrahuntur.
431 2020 506 2063 nam
525 1996 585 2064 Cn.
599 1997 769 2082 Pompeius
787 1996 943 2084 legionem
959 1997 1102 2083 primam,
1121 2018 1219 2080 quam

195 2082 236 2148 ad
258 2080 427 2149 Caesarem
452 2084 596 2161 miserat,
623 2082 798 2148 confectam
824 2105 865 2149 ex
890 2082 1011 2148 delectu
1035 2081 1219 2167 provinciae

198 2166 358 2247 Caesaris,
386 2191 456 2234 earn
476 2179 635 2252 tamquam
662 2190 702 2234 ex
729 2190 786 2234 suo
806 2189 936 2234 numero
957 2167 1051 2233 dedit
1098 2165 1220 2235 Caesar

195 2263 313 2331 tamen,
336 2275 408 2319 cum
426 2254 465 2319 de
482 2253 642 2319 voluntate
663 2254 790 2318 minime
812 2253 943 2320 dubium
964 2261 1048 2318 esset
1069 2253 1220 2318 adversa

81 2393 85 2399 .
188 2340 312 2425 ‘riorum
329 2362 465 2417 suorum,
483 2337 637 2425 Pompeio
654 2339 810 2425 legionem
828 2338 947 2404 remisit
964 2347 995 2402 et
1013 2359 1071 2402 suo
1089 2338 1220 2404 nomine

195 2425 504 2509 quintamdecimam,
531 2446 626 2508 quam
642 2424 676 2489 in
694 2421 799 2490 Gallia
820 2424 960 2490 citeriore
981 2422 1151 2501 habuerat,
1179 2446 1221 2489 ex

196 2509 464 2577 senatusconsulto
481 2509 569 2575 iubet
581 2510 670 2575 tradi.
696 2511 729 2574 iu
742 2511 810 2574 eius
822 2509 926 2575 locum
939 2508 1222 2575 tertiamdecimam

194 2594 351 2681 legionem
367 2595 400 2659 in
412 2595 536 2660 ltaliam
549 2595 652 2673 mittit,
670 2616 751 2679 quae
784 2595 917 2661 raesidia
929 2603 1076 2673 tueretur,
1095 2617 1137 2660 ex
1149 2595 1222 2678 qui-

195 2678 255 2745 bus
298 2680 440 2745 raesidiis
462 2679 693 2764 quintadecima
713 2618 934 2746 deducebatur.
976 2680 988 2744 i
1011 2701 1046 2746 se
1066 2680 1222 2747 exercitui

196 2702 352 2831 distribuit
368 2764 511 2831 hiberna:
531 2763 569 2830 C.
584 2763 776 2831 Trebonium
793 2786 864 2830 cum
876 2702 1052 2866 legiombns
1070 2774 1223 2849 quattuor

195 2849 229 2914 in
245 2848 358 2935 Belgio
380 2849 525 2927 collocat,
554 2849 592 2916 C.
610 2848 745 2916 Fabium
768 2872 840 2916 cum
861 2850 990 2916 totrdem
1012 2850 1046 2915 in
1063 2849 1220 2916 Haeduos

196 2934 331 3000 deducit.
380 2935 426 3000 sic
447 2935 530 3000 enim
552 2934 750 3001 existimabat
772 2935 960 3000 tutissimam
982 2933 1049 3001 fore
1068 2931 1220 3014 Galbam,

196 3020 224 3086 si
235 3019 365 3107 Belgae,
383 3041 516 3105 quorum
528 3021 665 3086 maxima
677 3021 786 3099 virtus,
804 3019 941 3099 Haedui,
960 3042 1094 3106 quorum
1111 3029 1222 3086 ancw-

195 3106 270 3173 ritas
288 3129 411 3172 summa
428 3115 520 3185 esset,
539 3105 726 3172 exercitibus
744 3106 981 3173 continerentur.
1017 3106 1085 3191 ipse
1102 3105 1137 3170 in
1152 3105 1222 3171 Ita·

147 3212 178 3260 55
195 3190 269 3256 liam
299 3191 458 3276 profectus
490 3200 546 3258 cst.
591 3212 653 3275 quo
684 3213 756 3256 cum
786 3191 938 3269 venisset,
969 3191 1133 3278 cognoscit
1162 3212 1220 3278 pet

197 3274 235 3342 C.
257 3275 445 3342 Marcellum
472 3276 633 3344 consulem
658 3276 688 3341 le
711 3277 797 3342 'ones
825 3277 903 3342 duas
929 3274 970 3343 ab
997 3299 1030 3342 se
1056 3277 1221 3355 remissas,

217 3383 276 3427 uae
298 3383 337 3426 ex
363 3361 632 3428 senatusconsulto
659 3362 697 3427 de
720 3370 808 3427 erent
829 3362 869 3426 ad
891 3360 1074 3427 Parthicum
1099 3361 1221 3429 bellum

195 3382 282 3526 duci,
311 3445 371 3513 Cn
388 3445 541 3534 Pompeio
558 3447 687 3513 traditas
709 3456 803 3532 atque
819 3447 852 3511 in
870 3446 962 3512 ltalia
981 3456 1118 3514 retentas
1137 3469 1219 3514 esse.

196 3531 257 3598 hoo
272 3530 358 3599 facto
374 3554 565 3618 quamquam
581 3531 659 3597 nulli
680 3542 746 3598 erat
767 3531 911 3611 dubium,
937 3532 1088 3617 quidnam
1110 3542 1221 3599 conus

197 3615 366 3683 Caesarem
387 3630 559 3703 pararetur,
586 3629 692 3683 tamen
714 3615 832 3684 Caesar
854 3617 959 3684 omnia
978 3617 1127 3703 patienda
1147 3638 1220 3685 esse

197 3703 317 3781 statuit,
344 3705 448 3786 quoad
471 3704 531 3770 sibi
553 3725 625 3789 spes
647 3703 752 3789 aliqua
772 3703 998 3788 relinqueretur
1022 3703 1089 3769 inre
1110 3703 1218 3790 potius

197 3786 391 3874 disceptandi
407 3811 502 3873 quam
518 3789 593 3856 belli
609 3790 750 3876 gerundi.
787 3789 1010 3857 contendit...
1079 3817 1081 3821 ·

606 3990 803 4004 m

573 4062 707 4151 itur
746 4077 764 4133 r
800 4069 902 4145 lars
