2414 4336
343 226 682 291 couuvura-as.
964 216 1027 289 125

10 372 129 440 crpore
149 361 224 420 toto
240 374 331 421 muro
348 352 483 421 elamore
500 351 624 420 sublato
641 352 764 421 duabus
776 353 874 441 portis
888 353 928 422 ab
941 364 1021 423 utro·

10 456 41 517 n'
57 447 172 515 latere
191 448 324 515 turrium
339 447 461 535 eruptio
482 447 591 516 fiebat:
618 447 672 514 alii
689 449 776 515 faces
794 458 888 534 atque
904 449 1024 517 aridam

10 542 158 617 ueriem
182 543 224 610 de
244 565 334 610 mum
355 544 390 609 in
410 565 560 632 aggerem
582 544 704 609 eminus
726 543 896 622 iaciebant,
922 543 1024 630 picem

10 634 197 727 {quasque
213 659 280 716 res,
306 636 421 722 quibus
440 637 523 726 ignis
546 637 675 704 excitari
695 647 813 724 potest,
840 637 1023 718 fundebant,

10 736 119 817 Equo
136 730 279 819 primum
295 741 508 799 occurreretur
525 741 578 799 aut
596 731 647 798 cui
659 731 705 799 rei
717 731 851 798 ferretur
863 730 1023 811 aumlium,

57 825 147 895 ratio
165 825 239 893 iniri
250 835 368 912 posset
395 835 510 904 umen,
528 825 615 911 quod
626 826 767 893 instituto
782 823 928 894 Caesaris
943 848 1025 893 sem·

62 920 152 987 duae
169 919 311 1008 legiones
333 942 391 1007 pro
412 920 523 988 castris
546 920 746 987 excubabant
767 921 935 1008 pluresque
952 943 1024 1008 par·

80 1014 279 1102 temporibus
303 1024 390 1081 eraut
411 1015 445 1080 in
466 1036 575 1102 opere,
603 1014 744 1081 celeriter
764 1014 962 1095 factumest,
989 1024 1024 1083 ut

64 1108 285 1196 eruptionibus
306 1109 500 1189 resisterent,
527 1109 581 1176 alii
602 1118 702 1176 turres
723 1110 907 1176 reducerent
928 1132 1025 1198 agge·

83 1225 127 1269 ne
143 1203 419 1284 interscinderent,
446 1202 549 1271 omnis
571 1226 646 1270 vero
664 1226 704 1270 ex
726 1205 836 1270 castris
858 1203 1024 1271 multitudo

55 1297 314 1385 restinguendum
331 1308 537 1366 concurreret
564 1321 637 1365 cum
653 1300 686 1364 in
703 1298 847 1367 omnibus
860 1299 937 1367 locis
951 1322 1025 1366 eon-
1042 1317 1072 1368 tt

70 1399 101 1459 ta
125 1393 192 1458 iam
215 1392 337 1477 reliqua
364 1402 453 1480 parte
478 1393 580 1460 noetis
606 1403 811 1480 pugnaretur,
839 1416 1023 1480 semperque

70 1486 141 1557 'bus
164 1509 240 1575 spes
260 1487 408 1555 victoriae
429 1487 704 1575 redintegraretur,
732 1511 769 1554 eo
796 1488 911 1575 magis,
938 1488 1024 1574 quod

108 1606 125 1648 s
144 1581 269 1669 pluteos
287 1581 420 1648 turrium
436 1581 587 1649 videbant
603 1604 662 1648 nec
684 1583 776 1649 facile
795 1583 880 1649 adire
898 1593 1022 1669 apertos

48 1676 272 1744 auxiliandum
288 1676 586 1756 animadvertebant,
606 1699 790 1764 semperque
803 1678 865 1765 ipsi
881 1686 1022 1744 recentes

102 1772 111 1789 '
159 1771 363 1837 succederent
389 1793 575 1856 omnemque
604 1768 726 1838 Gellius
753 1772 886 1839 salutem
911 1772 945 1838 in
969 1772 1022 1838 illo

65 1866 133 1954 'gio
151 1865 301 1951 temporis
317 1866 453 1952 positam
471 1865 700 1945 arbitrarentur,
720 1867 833 1933 accidit
845 1868 1022 1953 inspectan-

33 2018 38 2027 .
95 1958 204 2037 nobis,
223 1958 308 2044 quod
324 1959 456 2048 dignum
473 1960 624 2026 memoria
641 1961 744 2026 visum
760 1961 1022 2047 praetereundum

76 2053 341 2123 existimavimus.
387 2054 514 2139 quidam
536 2064 608 2121 ante
629 2064 752 2141 portam
774 2055 880 2141 oppidi
899 2051 1020 2134 Gallus,

10 2144 46 2217 Ιὶ
64 2171 129 2237 per
150 2170 264 2215 manus
287 2148 354 2215 sevi
375 2171 414 2215 ao
434 2149 514 2236 picis
536 2150 666 2216 traditas
689 2148 798 2236 glebas
820 2150 853 2213 in
875 2149 981 2235 ignem
1003 2170 1021 2215 e

10 2244 124 2333 tione
142 2242 237 2309 turris
257 2243 443 2330 proiciebat:
471 2244 634 2330 scorpione
652 2243 692 2310 ab
714 2242 810 2309 latere
832 2243 942 2308 dextro
959 2250 1021 2308 tra

10 2349 95 2407 ntus
118 2337 378 2423 exanimatusque
403 2338 547 2406 concidit
591 2338 675 2406 huno
701 2360 741 2403 ex
766 2336 916 2423 proximis
939 2358 1020 2402 unus

10 2442 152 2505 urentem
169 2440 383 2519 transgressus
401 2432 512 2499 eodem
528 2432 582 2498 illo
599 2454 727 2498 munere
744 2429 947 2518 fungebatur3
970 2451 1022 2496 ea-

10 2540 67 2595 mn
84 2525 208 2592 ratione
224 2526 289 2593 ictu
307 2526 478 2614 scorpionis
492 2529 669 2594 exanimato
686 2526 775 2592 alteri
793 2525 944 2593 successit
961 2533 1022 2590 ter-

10 2636 64 2696 na.
76 2629 110 2687 et
126 2621 218 2687 tertio
236 2631 374 2705 quartus,
392 2644 452 2688 nec
467 2623 554 2709 prius
572 2622 624 2688 ille
642 2631 691 2689 est
708 2618 1022 2708 apropugnatoribus

10 2734 117 2793 mus
135 2715 263 2782 relictus
280 2715 383 2795 locus,
409 2738 505 2801 quam
522 2718 670 2783 restincto
692 2738 808 2804 aggere
826 2725 919 2800 atque
937 2712 1023 2781 omni

10 2826 38 2879 Ι
60 2818 152 2898 parte
179 2810 342 2877 summotis
368 2810 511 2880 hostibus
537 2811 608 2878 finis
639 2820 687 2878 est
715 2811 878 2900 pugnandi
908 2811 1021 2877 factus.

10 2906 104 2975 mnia
120 2906 242 2992 experti
259 2903 358 2985 Galli,
385 2907 471 2991 quod
487 2929 538 2974 res
556 2906 642 2973 nulla
664 2915 870 2985 successerat,
897 2914 1022 2992 postero
1040 2922 1071 2970 re

10 2980 51 3083 *c
76 2999 241 3069 consilium
267 3009 415 3087 ceperunt
436 3023 476 3066 ex
497 3000 612 3087 oppido
633 3000 802 3088 profugere
826 3000 969 3066 hortante
991 3004 1022 3063 et

10 3086 399 3182 hbeuteVercingetorige.
421 3093 455 3159 id
468 3094 590 3161 silentio
602 3094 703 3161 noctis
713 3092 816 3160 conati
828 3114 892 3158 non
903 3113 1019 3177 magna

10 3180 117 3267 halma
134 3211 262 3255 suorum
280 3211 350 3256 sese
367 3188 534 3255 effecturos
552 3188 733 3276 sperabant,
756 3199 920 3274 propterea
937 3185 1021 3270 quod

10 3286 99 3366 Itque
115 3282 210 3371 longe
227 3282 268 3350 ab
285 3282 401 3369 oppido
419 3293 521 3349 castra
538 3280 804 3368 Vercingetorigis
824 3280 967 3359 aberant,
990 3288 1022 3344 et

55 3398 98 3456 us,
116 3399 199 3463 quae
215 3387 366 3464 perpetua
382 3377 602 3456 intercedebat,
620 3376 780 3441 Romanos
799 3374 840 3439 ad
856 3373 1022 3460 insequen-

10 3372 244 3632 Eutardabat.
279 3471 404 3556 iamque
420 3470 481 3536 hoc
497 3470 601 3536 facere
618 3478 713 3534 noctu
730 3468 930 3554 apparabant,
949 3491 1021 3536 cum

54 3565 251 3651 tresfamiliqs
272 3573 400 3652 repente
420 3563 453 3630 in
474 3562 635 3650 publicum
656 3571 875 3648 procurrerunt
895 3562 1022 3629 flentes-

10 3664 64 3731 ΠΜ
80 3660 236 3748 proiectae
258 3661 300 3726 ad
321 3659 417 3745 pedes
440 3679 569 3724 suorum
590 3656 735 3723 omnibus
756 3656 902 3744 precibus
924 3655 1021 3743 petie-

10 3746 85 3833 tut,
108 3777 150 3822 ne
168 3776 204 3827 se
222 3763 253 3821 et
271 3775 452 3820 communes
474 3751 590 3818 liberos
607 3751 752 3818 hostibus
773 3753 815 3818 ad
833 3750 1020 3838 supplicium

10 3830 157 3929 ledam
175 3870 255 3934 quos
272 3849 315 3914 ad
331 3847 513 3935 capiendam
530 3845 641 3936 lugam
657 3855 786 3913 naturae
804 3855 835 3912 et
847 3845 960 3910 virium
973 3844 1021 3912 in-

10 3922 128 4011 firmitas
145 3942 319 4030 impediret.
354 3942 409 4009 ubi
426 3962 481 4008 eos
497 3940 532 4006 in
549 3941 701 4008 sententia
713 3949 852 4029 perstare
865 3937 1018 4019 viderunt,

10 4036 79 4105 tuod
92 4036 281 4122 plerumque
302 4037 336 4105 in
358 4059 487 4106 summo
508 4037 652 4130 periculo
674 4033 1042 4108 enoratistarum
