2528 4336
196 210 236 276 18
511 227 564 284 DE
580 226 707 285 BELLO
727 226 894 285 GALLIOO

193 347 314 436 legatos
336 373 408 416 cum
424 350 474 416 his
492 353 647 418 mandatis
669 352 775 418 mittit:
801 351 950 437 quoniam
970 358 1057 415 tanto
1080 371 1138 415 auo
1159 370 1210 434 po·

192 443 320 530 pulique
341 444 477 511 Romani
493 446 645 513 beneficio
662 447 809 526 affectus,
836 469 907 512 cum
924 445 958 511 in
974 445 1141 512 consulatu
1158 467 1211 512 suo
1243 459 1246 469 ’

193 559 249 604 rex
274 548 367 623 atque
393 540 511 606 amicus
538 564 558 606 a
583 550 693 606 senatu
719 540 892 628 appellatus
919 549 1015 619 esset,
1046 540 1130 606 hanc
1157 538 1212 607 sibi

192 633 370 720 populoque
383 634 528 702 Romano
544 637 676 723 gratiam
694 637 832 716 referret,
850 646 886 700 ut
902 635 936 700 in
953 634 1146 720 colloquium
1164 657 1212 702 ve-
1244 649 1254 684 “·

192 730 259 796 nire
276 731 424 797 invitatus
442 742 624 818 gravaretur
640 754 741 817 neque
759 732 798 797 de
816 730 974 798 communi
994 753 1029 797 re
1047 731 1212 798 dicendum
1243 796 1246 806 ,

194 823 255 890 sibi
280 834 312 890 et
337 826 590 911 cognoscendum
619 835 755 912 putaret,
786 825 865 891 haec
890 848 975 904 esse,
1000 846 1084 910 quae
1110 825 1152 892 ab
1179 847 1213 892 eo
1244 860 1254 903 r

193 918 379 1004 postularet:
396 919 531 1006 primum
548 941 589 984 ne
607 941 702 1005 quam
719 920 882 986 hominum
900 920 1132 988 multitudinem
1150 945 1213 988 am·
1245 956 1254 999 a

192 1010 275 1098 plius
288 1021 374 1078 trans
383 1012 530 1079 Rhenum
543 1011 723 1080 inGnlliam
740 1015 928 1094 traduceret3
946 1017 1058 1083 deinde
1076 1016 1213 1096 obsides,
1247 1052 1254 1092 ι

193 1127 272 1190 quos
294 1105 423 1173 haberet
444 1106 484 1173 ab
503 1107 660 1187 Haeduis,
683 1108 825 1174 redderet
849 1106 1065 1195 Sequanisque
1087 1111 1213 1196 permit·
1247 1124 1255 1187 ἑ

193 1210 285 1280 teret,
308 1212 356 1280 ut,
378 1225 457 1287 quos
479 1202 524 1267 illi
545 1202 709 1281 habereut,
731 1203 890 1270 voluntate
912 1204 979 1270 eius
1000 1204 1132 1271 reddere
1153 1205 1213 1271 illis
1247 1218 1254 1231 '¹

193 1293 313 1375 liceret;
331 1318 411 1363 neve
424 1295 576 1362 Haeduos
594 1296 706 1362 iniuria
722 1296 898 1376 lacesseret,
916 1319 995 1363 neve
1012 1297 1062 1364 his
1080 1299 1212 1365 sociisve
1248 1367 1250 1375 ,

195 1413 303 1457 eorum
320 1390 438 1457 bellum
455 1391 591 1457 inferret.
637 1391 665 1457 si
680 1392 713 1457 id
729 1392 774 1457 ita
790 1391 931 1471 fecisset,
954 1390 1014 1457 sibi
1035 1392 1212 1479 populoque

193 1485 337 1552 Romano
354 1494 537 1572 perpetuam
555 1485 687 1572 gratiam
701 1494 795 1569 atque
812 1484 979 1551 amicitiam
993 1507 1064 1551 cum
1077 1508 1117 1552 eo
1130 1485 1212 1552 futu-
1247 1523 1255 1567 2

192 1604 273 1646 ram:
300 1581 329 1644 si
348 1602 412 1645 non
432 1579 624 1665 impetraret,
647 1601 731 1657 sese,
754 1579 900 1663 quoniam
921 1579 969 1644 M.
986 1578 1143 1659 Messala,
1166 1579 1211 1646 M
1247 1619 1255 1661 ,

193 1673 310 1740 Pisone
327 1673 507 1739 consulibus
521 1683 648 1740 senatus
661 1674 844 1753 censuisset,
862 1674 917 1754 uti,
933 1674 1123 1759 quicumque
1137 1673 1213 1743 Gal·
1247 1711 1255 1755 t

194 1767 269 1834 liam
298 1767 490 1853 provinciam
521 1768 687 1846 obtineret,
718 1768 804 1852 quod
829 1770 993 1834 commodo
1022 1769 1212 1855 reipublicae

193 1862 297 1928 facere
314 1871 430 1948 posset,
448 1861 601 1926 Haeduos
619 1871 800 1948 ceterosque
818 1863 934 1929 amicos
951 1863 1059 1950 populi
1076 1862 1212 1930 Romani
1250 1879 1256 1940 ᾖ

193 1956 386 2034 defenderet,
418 1977 488 2022 sese
513 1955 720 2021 Haeduorum
745 1956 872 2023 iniurias
898 1980 961 2023 non
986 1957 1211 2044 neglecturum.
1253 1974 1256 2034 .ξ

143 2073 175 2123 cc
194 2053 235 2118 ad
259 2052 337 2118 haec
362 2050 542 2117 Ariovistus
572 2051 745 2137 rospondit:
780 2051 830 2117 ius
861 2073 931 2117 esse
958 2050 1044 2128 belli,
1076 2061 1126 2130 ut,
1158 2055 1212 2137 qui
1255 2066 1256 2071 ’

193 2147 355 2226 vicissent,
377 2147 431 2225 iis,
449 2169 529 2231 quos
546 2146 709 2225 vicissent,
727 2146 990 2231 quemadmodum
1006 2145 1136 2226 vellent,
1155 2147 1215 2212 im-

192 2252 348 2329 perarent:
374 2240 449 2307 item
470 2241 622 2328 populum
638 2241 817 2306 Romanum
839 2241 928 2306 victis
945 2263 1009 2305 non
1026 2239 1067 2305 ad
1084 2239 1215 2307 alterius

192 2336 427 2423 praescriptum,
443 2336 499 2400 sed
516 2337 557 2401 ad
575 2358 667 2400 suum
685 2334 846 2402 arbitrium
862 2335 1014 2421 imperare
1031 2356 1214 2402 consuesse.

193 2430 221 2496 si
237 2431 306 2516 ipse
322 2428 439 2515 populo
456 2429 599 2494 Romano
616 2452 681 2494 nou
696 2428 929 2515 praescriberet,
948 2429 1216 2512 quemadmodum

193 2544 251 2589 suo
267 2523 334 2587 iure
351 2531 497 2599 uteretur,
521 2544 583 2587 non
601 2533 742 2608 oportere
761 2544 830 2588 sese
848 2546 867 2587 a
883 2522 1000 2608 populo
1017 2522 1162 2588 Romano
1180 2524 1216 2588 in

193 2639 250 2683 suo
267 2616 334 2681 iure
350 2616 502 2702 impediri.
538 2616 690 2682 Haeduos
708 2616 782 2695 sibi,
801 2617 947 2701 quoniam
965 2616 1038 2682 belli
1054 2617 1217 2684 fortunam

193 2719 398 2797 temptassent
416 2721 447 2776 et
463 2712 557 2777 armis
576 2711 737 2798 congressi
754 2733 791 2776 ac
809 2712 945 2798 superati
963 2721 1075 2790 esseut,
1095 2712 1217 2799 stipen-

193 2805 308 2871 diarios
331 2827 401 2872 esse
422 2805 533 2871 factos.
576 2828 723 2892 magnam
743 2804 912 2871 Caesarem
933 2805 1076 2870 iniuriam
1097 2803 1215 2885 facere,

193 2900 248 2985 qui
266 2922 323 2966 suo
338 2900 474 2965 adventu
486 2900 651 2986 vectigalia
669 2899 729 2964 sibi
746 2899 899 2965 deteriora
911 2899 1035 2964 faceret.
1066 2897 1215 2966 Haeduis

193 3018 228 3060 se
248 2994 371 3061 obsides
392 2994 584 3059 redditurum
606 3017 670 3059 nou
692 3017 776 3072 esse,
798 3016 900 3077 neque
921 2994 960 3059 iis
981 3014 1082 3078 neque
1104 3014 1216 3059 eorum

193 3089 286 3155 sociis
308 3088 419 3153 iniuria
437 3087 554 3153 bellum
586 3087 758 3165 illaturum,
782 3087 859 3152 siin
877 3095 1105 3164 comanerent,
1128 3088 1216 3170 quod

193 3182 424 3260 convenissent,
453 3182 703 3268 stipendiumque
725 3181 891 3266 quotannis
916 3182 1099 3267 penderent;
1127 3181 1156 3246 si
1181 3182 1216 3246 id

194 3297 259 3341 non
276 3276 439 3355 fecissent,
460 3276 556 3363 longe
573 3276 611 3342 iis
629 3276 800 3341 fraternum
821 3297 936 3341 nomen
952 3274 1060 3361 populi
1077 3274 1214 3341 Romani

90 3451 93 3456 g
195 3372 365 3437 afuturum.
405 3372 489 3456 quod
511 3370 571 3436 sibi
595 3369 714 3437 Caesar
734 3370 929 3436 denuntiaret
956 3391 989 3434 se
1007 3369 1215 3435 Haeduorum

191 3465 318 3531 iniurias
337 3489 400 3532 non
416 3466 639 3553 neglecturum,
653 3464 809 3530 neminem
826 3485 933 3529 secum
952 3460 1018 3528 sine
1036 3486 1094 3528 sua
1109 3463 1215 3550 perni-

193 3555 240 3623 cie
258 3559 463 3625 contendisse.
500 3583 571 3625 cum
588 3557 690 3638 vellet,
705 3557 957 3645 congrederetur:
975 3557 1214 3638 intellecturum,

193 3652 269 3737 quid
289 3653 395 3718 invicti
417 3649 581 3732 Germani,
604 3652 852 3719 exercitatissimi
872 3651 905 3717 in
927 3651 1035 3729 armis,
1058 3651 1112 3735 qui
1133 3652 1215 3718 inter

193 3769 291 3813 annos
305 3747 539 3832 quatuordecim
556 3758 673 3814 tectum
685 3769 748 3813 non
761 3745 928 3824 subissent,
942 3745 1056 3810 virtute
1073 3756 1213 3831 possent.

142 3860 174 3911 8⁷
253 3841 344 3906 Haec
361 3842 472 3909 eodem
489 3851 626 3929 tempore
641 3840 772 3909 Caesari
789 3840 935 3907 mandata
951 3838 1167 3907 referebantur
1183 3850 1214 3908 et

191 3935 289 4022 legati
310 3937 350 4003 ab
367 3937 511 4005 Haeduis
529 3947 561 4004 et
582 3962 602 4004 a
618 3937 764 4004 Treveris
782 3935 961 4002 veniebant:
987 3933 1117 4000 Haedui
1136 3958 1215 4021 que·

193 4043 291 4111 stum,
313 4034 398 4118 quod
418 4032 580 4113 Harudes,
602 4033 659 4119 qui
679 4054 778 4119 nuper
798 4032 832 4098 in
854 4027 990 4099 Galliam
1011 4032 1216 4117 transportati
