2414 4336
176 257 236 321 162
486 268 538 323 DE
556 267 683 325 BELLO
703 267 871 326 GALLICO

171 401 370 478 extremoque
391 400 529 481 tempore
551 393 613 458 diei
634 394 725 480 signo
747 393 947 479 pronuntiato
968 415 1031 458 uno
1050 404 1134 480 tempo
1154 415 1156 439 ³
1173 468 1183 477 ..

170 488 381 554 incenderunt.
425 487 469 552 ita
486 487 647 554 continens
664 488 792 554 flamma
809 488 917 575 copias
940 509 1046 554 omncs
1062 509 1152 573 repen
1173 485 1203 523 ’

121 602 152 652 16
170 605 190 648 a
207 590 376 669 conspectu
393 582 470 647 texit
486 581 709 649 Romanorum.
754 584 839 668 quod
855 582 911 650 ubi
928 582 1049 660 accidit,
1066 580 1137 648 barb
1157 610 1162 633 ι
1182 586 1201 616 “

169 677 443 743 vehementissimo
461 697 555 743 cursu
571 677 764 764 refugerunt.
793 677 921 756 Caesar,
940 677 1001 743 etsi
1017 676 1154 743 discesso

169 772 306 838 hostium
332 772 576 839 animadvertere
606 795 670 838 non
699 780 820 858 poterat
845 772 999 838 incendiis
1030 771 1184 858 oppositu

171 876 275 933 tamen
291 867 324 932 id
342 865 505 932 consilium
522 888 593 931 cum
611 866 706 954 fugae
724 889 820 934 causa
836 867 950 932 initum
972 867 1165 953 suspicaretm,

170 960 309 1049 legiones
335 971 510 1047 promovet,
536 970 654 1027 turmas
677 962 772 1027 mittit
792 962 834 1028 ad
854 963 1094 1047 insequendum
1115 961 1165 1047 ipso

170 1056 287 1122 veritus
304 1055 448 1133 insidias,
473 1077 513 1120 ne
531 1055 611 1122 sorte
632 1055 667 1120 in
684 1057 794 1122 eodem
810 1056 880 1123 loco
902 1056 1074 1123 subsistere
1089 1054 1167 1121 hostie
1186 1064 1207 1171 ᾗ

171 1159 264 1235 atque
281 1150 391 1216 elicere
407 1159 531 1216 nostros
548 1149 702 1216 inlocum
719 1160 883 1218 conaretur
898 1151 1055 1237 iniquum,
1074 1149 1168 1216 tardius
1188 1159 1207 1277 p

170 1245 318 1332 procedit
346 1246 465 1331 equites
483 1267 555 1311 cum
567 1247 681 1312 intrare
695 1269 853 1312 summum
866 1247 978 1334 iugum
991 1255 1023 1313 et
1035 1247 1170 1312 flammam
1191 1256 1207 1373 p*

171 1339 391 1406 densissimam
408 1340 552 1406 timerent
568 1362 620 1419 ac,
639 1340 666 1406 ei
683 1341 738 1424 qui
755 1341 898 1427 cupidius
916 1341 1119 1420 intraverant,
1133 1339 1173 1404 vir
1198 1352 1205 1374 ⁴

172 1456 299 1500 suorum
316 1433 377 1519 ipsi
393 1435 512 1520 priores
529 1442 633 1521 partes
651 1434 932 1501 animadverterent
953 1455 1117 1519 equorum,
1138 1433 1175 1498 in·
1193 1379 1207 1534 b

171 1528 267 1594 sidias
289 1527 379 1594 veriti
399 1528 530 1595 liberam
551 1527 731 1595 facultatem
752 1528 802 1596 sui
822 1529 994 1614 recipiendi
1014 1527 1175 1595 Bellovacis
1200 1540 1207 1628 ᾖ

171 1623 333 1689 dederunt.
380 1623 425 1688 ita
449 1622 528 1713 fuga
557 1623 676 1689 timoris
707 1623 799 1688 simul
830 1622 1071 1708 calliditatisque
1100 1621 1175 1709 plen
1202 1634 1207 1658 ¹

171 1717 239 1782 sinc
260 1715 325 1781 ullo
346 1716 530 1783 detrimento
551 1717 637 1782 milia
658 1740 722 1784 non
742 1717 875 1804 amplius
902 1717 1013 1784 decem
1034 1714 1175 1804 progressi

170 1809 278 1876 hostes
295 1810 364 1877 loco
381 1811 589 1878 munitissimo
606 1821 708 1878 castra
720 1821 898 1898 posuerunt.
925 1812 999 1877 inde
1013 1833 1087 1878 cum
1100 1831 1178 1896 saepe

170 1903 204 1970 in
224 1904 345 1970 insidiis
368 1905 487 1990 equites
512 1906 695 1991 peditesque
718 1906 930 1992 disponerent,
957 1928 1077 1993 magna
1101 1903 1180 1969 detri-

6 2000 8 2005 ’
123 2019 153 2068 1⁷
172 2008 277 2065 menta
293 1998 445 2066 Romanis
462 2000 495 2064 in
511 1999 763 2086 pabulationibus
784 1999 968 2067 inferebant.
1013 2000 1178 2084 quodcum

171 2092 309 2160 crebrius
335 2093 502 2172 accideret,
529 2116 569 2160 ex
594 2095 717 2180 captivo
738 2094 874 2178 quodam
899 2095 1053 2181 comperit
1076 2092 1180 2160 Caesar

172 2187 338 2267 Correum,
365 2187 604 2254 Bellovacorum
621 2189 746 2267 ducem,
773 2187 1015 2254 fortissimorum
1033 2188 1119 2253 milia
1133 2208 1179 2252 sex

170 2281 310 2369 peditum
328 2281 482 2368 delegisse
499 2282 682 2367 equitesque
700 2304 740 2348 ex
757 2281 842 2347 omni
854 2303 986 2347 numero
998 2281 1095 2362 mille,
1111 2301 1180 2367 quos

170 2377 203 2443 in
219 2376 340 2443 insidiis
359 2398 396 2442 eo
413 2377 482 2442 loco
500 2375 678 2454 collocaret,
700 2397 795 2461 quem
815 2376 850 2440 in
869 2375 976 2442 locum
996 2386 1124 2463 propter
1137 2395 1179 2441 co-

170 2471 255 2557 piam
272 2470 420 2536 srumenti
436 2493 474 2536 ac
490 2470 598 2558 pabuli
614 2471 775 2537 Romanos
796 2471 948 2538 missuros
972 2473 1179 2559 suspicamur.

170 2586 233 2648 quo
251 2564 376 2652 cognito
394 2565 524 2632 consilio
539 2564 679 2652 legiones
696 2565 812 2653 plures,
830 2587 926 2650 quam
939 2564 1072 2645 solebat,
1090 2563 1179 2632 educit

171 2659 417 2744 equitatumque,
454 2681 518 2744 qua
546 2661 769 2726 consuetudine
798 2658 1037 2746 pabulatoribus
1072 2660 1178 2725 mittero

170 2752 325 2837 praesidio
338 2761 511 2832 consuerat,
524 2753 706 2840 praemittit:
720 2755 794 2820 huic
805 2755 973 2840 interponit
985 2754 1104 2820 auxilia
1113 2751 1177 2818 levio

170 2856 358 2927 armaturae3
380 2847 448 2933 ipse
466 2868 538 2912 cum
554 2848 730 2936 legionibus
747 2871 843 2934 quam
858 2856 963 2935 potest
984 2849 1121 2915 maxime
1135 2867 1178 2933 op·

121 2961 152 3012 18
169 2943 365 3030 propinquat.
408 2941 514 3009 hostes
532 2944 565 3009 in
582 2940 703 3011 insidiis
721 2943 874 3031 dispositi,
893 2965 965 3009 cum
983 2943 1046 3010 sibi
1059 2941 1177 3030 delegis-

170 3047 240 3104 sent
256 3058 402 3123 campum
420 3037 461 3102 ad
477 3059 544 3102 rem
560 3039 729 3124 gerendam
747 3060 811 3104 non
827 3037 961 3123 amplius
982 3034 1178 3123 patentemin

104 3218 105 3222 Ἰ
170 3155 278 3199 omnes
299 3143 403 3219 partes
425 3131 572 3219 passibus
595 3132 693 3211 mille,
721 3132 808 3198 silvis
829 3130 967 3214 undiquc
988 3141 1046 3196 aut
1061 3129 1180 3217 impedi·

170 3227 290 3293 tissimo
315 3227 443 3292 flumine
468 3227 637 3305 munitum,
667 3225 754 3292 velut
782 3225 929 3313 indagine
955 3225 1042 3290 hunc
1071 3224 1180 3292 insidiis

169 3321 446 3389 circumdederunt.
473 3322 631 3408 explorato
644 3321 781 3386 hostium
795 3319 924 3387 consilio
936 3319 1039 3385 nostri
1050 3320 1094 3385 ad
1105 3340 1182 3407 proe-

169 3413 308 3481 liandum
329 3417 432 3481 animo
454 3424 548 3500 atque
569 3415 663 3481 armis
688 3415 801 3501 parati,
828 3436 901 3480 cum
926 3413 1183 3498 subsequentibus

168 3507 343 3596 legionibus
364 3508 482 3574 nullam
504 3509 734 3575 dimicationem
754 3517 947 3587 recusarent,
973 3509 1137 3574 turmatim
1158 3506 1182 3570 in

171 3624 242 3666 eum
258 3602 363 3668 locum
384 3603 584 3668 devenerunt.
628 3625 761 3689 quorum
782 3603 920 3669 adventu
941 3624 1016 3667 cum
1034 3603 1098 3670 sibi
1116 3602 1185 3669 Cor·

169 3718 241 3762 reus
255 3695 391 3762 oblatam
405 3696 601 3763 occasionem
612 3698 659 3764 rei
671 3696 827 3785 gerendae
840 3696 1042 3774 existimaret,
1057 3697 1184 3783 primum

170 3813 242 3857 curn
257 3792 367 3879 paucis
386 3813 420 3858 se
437 3793 573 3858 ostendit
586 3803 679 3879 atque
691 3794 724 3858 in
736 3792 894 3880 proximas
907 3801 1027 3858 turmas
1040 3793 1186 3880 impetum

169 3885 253 3954 fecit.
302 3886 399 3954 nostri
421 3896 598 3954 constanter
618 3889 778 3954 incursum
800 3886 954 3952 sustinent
974 3885 1187 3954 insidiatorum

168 4002 270 4065 neque
286 3982 391 4068 plures
408 3981 442 4046 in
458 4003 557 4047 unum
573 3981 677 4048 locum
694 3980 894 4059 conveniunt;
910 3979 997 4064 quod
1008 3974 1188 4066 plerumque

167 4074 364 4161 equestribus
382 4075 506 4162 proeliis
524 4098 596 4141 cum
613 4085 738 4162 propter
754 4074 890 4160 aliquem
907 4074 1054 4142 timorem
1070 4073 1189 4152 accidit,
