2414 4336
161 237 224 308 104
476 253 529 308 nn
547 251 676 308 nunno
695 249 867 308 eunuco

161 386 337 445 servantur:
354 386 425 444 utar
440 398 549 444 eorum
565 377 631 442 vita
649 375 816 463 superavit,
835 374 881 440 ad
894 395 970 441 eum
986 395 1073 460 parsu

159 495 222 560 que
243 496 316 540 cum
336 472 490 540 fructibus
513 472 709 560 superiorum
730 479 913 557 temporum
933 470 1073 556 pervenit

158 569 192 634 in
208 591 331 648 uxores,
351 568 443 634 sicuti
458 568 492 632 in
508 566 633 646 liberos,
651 566 734 632 vitae
751 565 904 651 necisque
920 564 1073 652 habentpt

158 673 236 743 tem3
259 674 291 730 et
311 686 385 729 cum
401 661 628 751 paterfamiliae
649 660 816 726 illustriore
837 659 912 726 loeo
929 669 1025 726 natus
1040 661 1073 725 de

158 758 226 825 eius
243 759 409 846 propinqui
426 757 615 825 conveniunt
632 765 672 835 et,
690 756 731 821 de
747 763 848 821 morte
868 755 897 820 si
913 776 970 820 res
987 756 1073 822 insu

157 874 231 918 uem
247 853 346 932 venit,
374 854 414 920 de
431 851 582 919 uxoribus
599 851 634 916 in
651 849 795 916 servilem
817 849 955 914 modum
973 849 1073 935 quaest

157 946 274 1013 habent
290 956 334 1025 et,
354 947 382 1013 si
400 955 593 1033 compertum
610 954 667 1024 est,
685 944 752 1031 igni
769 951 864 1028 atque
883 942 1033 1011 omnibus
1048 953 1073 1010 to

158 1041 198 1106 tis
215 1041 407 1106 excruciatas
424 1040 622 1106 interficiunt
665 1038 777 1104 funera
800 1046 876 1103 sunt
892 1059 955 1124 pro
977 1037 1073 1103 cultut

157 1157 228 1198 rum
245 1135 412 1221 magnifica
429 1143 461 1199 et
479 1143 677 1220 sumptuosa3
695 1131 877 1217 omniaque,
896 1154 984 1217 quae
1000 1132 1072 1198 vivis

157 1226 257 1293 fuisse
275 1227 474 1306 arbitrantur,
496 1228 530 1293 in
546 1228 653 1315 ignem
670 1226 820 1305 inferunt,
840 1225 945 1291 'etiam
964 1225 1073 1292 animal

156 1321 250 1408 paulo
269 1345 363 1409 supra
379 1321 461 1387 hanc
478 1322 660 1388 memoriam
677 1320 760 1388 servi
777 1329 808 1386 et
825 1319 976 1400 clientes,
994 1342 1067 1405 quos

157 1416 286 1483 dilectos
304 1439 374 1483 esse
391 1415 563 1494 constabat,
581 1415 672 1482 iustis
690 1414 854 1481 funeribus
873 1415 1031 1483 confectis
1043 1437 1073 1480 un

106 1531 140 1581 20
156 1510 331 1577 mabantur.
375 1533 456 1596 quae
474 1511 615 1577 civitates
633 1510 826 1577 commodius
844 1533 940 1576 suam
962 1509 1073 1598 rempul

157 1605 372 1671 administrare
386 1605 610 1683 existimantur,
629 1603 746 1670 habent
757 1602 882 1692 legibus
896 1615 1055 1683 sanctum,
1071 1632 1073 1668 ι

158 1699 294 1785 quidde
316 1721 350 1764 re
367 1698 492 1786 publica
510 1723 530 1765 a
545 1699 684 1765 finitimis
701 1720 825 1765 rumore
842 1708 898 1765 aut
916 1699 1007 1766 fama
1024 1721 1073 1766 aco

156 1794 203 1858 uti
228 1792 269 1857 ad
291 1794 507 1879 magistratum
529 1793 649 1860 deferat
669 1815 749 1859 neve
771 1815 843 1859 curn
865 1815 931 1878 quo
959 1794 1023 1861 alio
1048 1816 1073 1860 c<

156 1889 252 1967 nicet,
288 1887 373 1972 quod
399 1906 492 1974 saepe
517 1887 660 1955 homines
685 1889 865 1955 temerarios
896 1898 997 1975 atque
1028 1889 1073 1976 im]

157 1982 245 2049 falsis
263 1981 440 2049 rumoribus
458 1984 564 2048 terreri
582 1993 613 2050 et
629 1982 671 2049 ad
683 1981 805 2050 facinus
819 1983 943 2071 impelli
956 1993 989 2049 et
1002 1984 1043 2050 de
1055 2006 1073 2050 st

156 2076 250 2144 rebus
272 2077 437 2143 consilium
459 2100 570 2165 capere
593 2077 752 2165 cognitum
774 2086 831 2144 est.
875 2079 1073 2166 magistratu

156 2173 225 2238 visa
246 2182 319 2238 sunt
344 2172 513 2251 occtrltant,
541 2193 683 2257 quaeque
711 2193 782 2238 esse
803 2194 844 2238 ex
865 2195 931 2238 usu
958 2173 1073 2238 iudicat

156 2265 346 2332 multitudini
362 2267 507 2353 produnt.
552 2266 591 2332 de
609 2288 643 2332 re
660 2265 786 2353 publica
802 2264 865 2332 nisi
880 2288 941 2354 per
958 2267 1073 2334 concili

157 2362 211 2445 qui
228 2385 292 2429 non
310 2363 498 2429 conceditur.
1000 2418 1005 2426 .

107 2474 138 2523 21
221 2454 372 2523 Germani
392 2455 524 2521 multum
542 2454 581 2521 ab
599 2455 899 2522 hacconsuetudine
919 2455 1073 2522 differunt

156 2571 257 2635 neque
275 2551 401 2616 dmides
418 2549 548 2628 habent,
574 2551 630 2634 qui
650 2549 743 2616 rebus
767 2549 879 2615 divinis
896 2550 1055 2636 praesint,

157 2642 315 2709 sacrifieiis
334 2645 468 2710 student.
495 2645 625 2711 deorum
642 2665 838 2710 numerosos
854 2642 940 2710 solos
955 2645 1073 2722 ducunt

157 2746 285 2802 cernunt
302 2747 333 2803 et
349 2760 482 2822 quorum
500 2748 606 2825 aperte
623 2738 735 2825 opibus
752 2739 907 2817 iuvantur,
929 2735 1042 2806 Solem
1058 2760 1073 2804 e

156 2853 268 2897 canum
291 2841 321 2896 et
337 2832 479 2910 Lunam,
505 2833 641 2917 reliquos
663 2855 703 2898 ne
725 2832 810 2899 fama
831 2832 962 2918 quidem
984 2855 1073 2919 accep

155 2925 221 2990 vita
243 2926 344 2991 omnis
366 2927 398 2991 in
420 2925 636 2993 venationibus
663 2937 756 3013 atque
777 2928 811 2993 in
832 2927 944 2993 studiis
970 2928 1073 2994 reim

156 3019 309 3086 consistit:
328 3018 367 3086 ab
384 3021 523 3107 parvulis
541 3020 640 3087 labori
657 3043 694 3088 ao
712 3022 843 3087 duritiae
861 3022 1002 3088 student.
1046 3044 1073 3106 qr

156 3114 274 3180 tissime
291 3114 469 3202 impuberes
487 3124 737 3201 permanserunt,
755 3115 925 3181 maximam
942 3117 1028 3181 inter
1044 3137 1073 3180 su

154 3219 227 3275 runt
243 3209 381 3276 laudem:
400 3210 461 3276 hoc
478 3209 520 3275 ali
538 3219 697 3288 staturam,
716 3209 758 3276 ali
774 3211 856 3276 vires
876 3232 1073 3296 nervosque«

154 3305 233 3370 mari
240 3314 359 3391 putant.
386 3306 468 3370 intra
476 3327 592 3370 annum
605 3326 679 3370 vero
692 3305 877 3370 vicesimum
888 3304 1029 3371 feminae
1040 3327 1073 3370 nc

154 3396 303 3465 habuisse
319 3400 352 3464 in
369 3399 558 3486 turpissimis
576 3397 693 3464 habent
709 3397 820 3477 rebus3
847 3398 937 3464 cuius
959 3399 1009 3464 rei
1029 3397 1073 3464 nu

154 3491 332 3572 occultatio,
354 3493 439 3578 quod
457 3502 488 3559 et
504 3492 681 3580 promiscue
698 3492 732 3557 in
748 3492 929 3559 fluminibus
946 3493 1073 3578 perluun

153 3584 287 3672 pellibus
310 3597 363 3651 aut
384 3588 489 3673 parvis
510 3588 685 3654 rhenonum
706 3586 884 3674 tegimentis
906 3595 1041 3653 utuntur
1063 3610 1073 3651 1

103 3698 136 3748 aa
154 3680 291 3768 corporis
308 3691 396 3767 parte
413 3684 507 3748 nuda.
552 3681 761 3771 agriculturae
778 3705 841 3747 nou
858 3681 986 3747 student
991 3707 1002 3761 3
1020 3683 1073 3747 ma³

153 3798 226 3862 pars
243 3775 344 3841 victus
363 3799 469 3842 eorum
486 3778 520 3842 in
536 3777 626 3856 lacte,
645 3798 752 3855 caseo,
771 3797 862 3842 carne
880 3775 1035 3843 consistit.

153 3871 319 3956 quisquam
345 3871 412 3958 agri
437 3873 566 3938 modum
588 3880 708 3937 certum
729 3880 783 3936 aut
804 3869 882 3935 fines
903 3868 1003 3936 habet
1023 3892 1073 3957 pro

155 3965 211 4029 sed
232 3965 433 4053 magistratus
454 3988 492 4032 ac
512 3967 669 4053 principes
691 3966 724 4030 in
746 3988 844 4031 annos
867 3963 1010 4052 singulos
1033 3987 1073 4053 ge

155 4059 453 4147 cognationibusque
470 4060 643 4141 hominum,
660 4061 717 4147 qui
733 4083 796 4127 una
813 4059 963 4141 coierunt,
982 4073 1073 4146 quent
