2414 4336
374 197 491 257 3333.
509 198 697 256 viar-m
978 186 1040 254 109

65 331 132 407 tes
159 322 314 394 attribuit.
357 323 468 410 partito
491 323 629 389 exercitu
647 322 755 388 Titum
770 321 949 389 Labienum
967 346 1039 390 cum
1060 343 1093 394 33

65 418 196 486 3311333
216 417 317 484 tribus
335 419 376 485 ad
395 416 559 485 Oceanum
576 441 686 484 versus
704 418 738 482 in
755 441 808 484 eas
825 427 944 505 partes,
962 441 1042 503 quae

65 514 186 601 rapios
216 512 385 600 attingant,
411 511 566 599 proficisci
586 511 687 592 iubet3
715 509 831 578 Gaium
853 511 1043 579 Trebonium

65 636 79 675 ι
97 608 178 696 pari
195 606 357 694 legionum
372 627 502 672 numero
515 607 640 672 adeam
653 607 823 693 regionem,
842 628 922 691 quae
934 605 1045 673 Adua-

109 702 257 780 adiacet,
277 700 525 787 depopulandam
542 701 650 780 mittit3
672 701 741 788 ipse
758 722 831 767 cum
846 701 973 786 reliquis
990 701 1046 766 tri·

92 797 142 863 ad
164 796 285 863 flumen
308 792 468 875 Scaldem,
494 796 579 881 quod
600 795 701 861 influit
722 796 756 861 in
776 795 917 875 Mosam,
945 805 1045 862 extre-

65 912 151 976 uque
168 889 362 956 Arduennae
379 890 477 977 partis
494 891 539 956 ire
557 889 729 968 constituit,
757 911 820 975 quo
841 913 913 956 cum
935 890 1044 978 paucis

65 982 179 1052 itibus
192 983 369 1071 profectum
379 981 598 1071 Ambiorigem
611 983 768 1050 audiebat.
795 984 959 1051 discedens
973 993 1045 1071 post

65 1100 102 1147 m
122 1079 294 1167 septimum
312 1100 382 1145 sese
399 1100 596 1145 reversurum
610 1078 784 1145 confirmat:
802 1100 898 1163 quam
909 1080 951 1146 ad
961 1080 1045 1145 diem

65 1173 195 1261 nogioni,
213 1193 294 1259 quae
311 1173 345 1237 in
360 1172 516 1258 praesidio
529 1171 769 1258 relinquebatur,
787 1171 978 1239 frumentum
991 1172 1046 1238 dc-

65 1262 242 1335 iaciebat.
285 1265 465 1332 Labienum
482 1265 736 1351 Treboniumque
757 1265 910 1344 hortatur,
938 1267 966 1331 si
986 1266 1046 1331 rei·

65 1354 169 1431 blicao
186 1361 351 1427 commodo
367 1360 471 1427 facere
487 1360 623 1451 possint,
641 1361 771 1426 adeum
789 1360 871 1425 diem
888 1368 1046 1425 revertan-

65 1465 139 1533 Ι331
153 1478 263 1522 rursus
281 1455 508 1522 communicato
526 1456 654 1523 consilio
668 1454 896 1543 exploratisque
908 1453 1045 1520 hostium

65 1544 195 1621 ionibus
213 1549 299 1616 aliud
315 1549 390 1616 belli
405 1550 529 1615 initium
546 1572 657 1638 capere
673 1551 805 1637 possint.
852 1559 926 1627 erat,
944 1557 980 1614 31
992 1570 1045 1614 su·
1062 1566 1096 1618 34

65 1642 404 1731 Ιᾎ113333331τ3313333,
432 1667 543 1712 manus
565 1654 650 1711 certa
669 1645 770 1724 nulla,
797 1667 860 1711 333
886 1644 1045 1731 oppidum,

65 1738 310 1825 npraesidium,
333 1739 418 1822 quod
436 1761 470 1805 se
488 1740 581 1806 armis
600 1739 793 1818 defenderet,
813 1739 869 1805 sed
886 1738 920 1803 in
937 1760 1044 1805 omnes

65 1829 124 1898 1113
146 1833 290 1919 dispersa
310 1831 486 1898 multitudo.
533 1832 722 1919 ubicuique
745 1842 799 1900 aut
820 1833 918 1899 valles
940 1832 1047 1899 abdita

65 1921 184 1993 alceus
203 1926 354 1992 silvestris
372 1935 427 1992 aut
443 1926 533 2013 palus
551 1928 700 2015 impedita
722 1951 811 2015 spem
827 1928 975 2014 praesidii
992 1936 1045 1993 aut

65 2006 135 2088 latis
153 2021 292 2106 aliquam
309 2020 474 2100 offerebat,
492 2023 683 2090 consederat.
727 2024 805 2090 haec
821 2023 891 2089 looa
906 2023 1047 2088 vicinita-

65 2120 110 2178 *ts
127 2125 216 2182 erant
231 2123 321 2193 nota,
347 2137 557 2202 magnamque
577 2140 628 2183 res
651 2117 843 2204 diligentiam
859 2115 1045 2201 requirebat,

65 2217 89 2266 n
104 2208 140 2276 in
157 2232 282 2276 summa
293 2209 447 2276 exercitus
460 2213 576 2278 tuenda
593 2211 727 2297 (nullum
744 2211 827 2276 enim
839 2219 960 2297 poterat
977 2211 1047 2276 uni-

65 2300 125 2371 1813
142 2302 184 2370 ab
201 2303 369 2390 perterritis
388 2325 425 2369 33
442 2304 592 2391 dispersis
609 2305 781 2391 periculum
798 2304 967 2388 accidere),
991 2306 1047 2371 scd

71 2396 214 2486 ⁸ingnlis
235 2395 385 2462 militibus
408 2400 643 2478 conservandis3
670 2420 751 2483 quae
773 2407 877 2463 tamen
899 2407 1047 2484 exparte

90 2493 136 2559 ad
154 2492 286 2559 salutem
303 2491 456 2558 exercitus
475 2493 658 2581 pertinebat.
701 2516 776 2558 nam
793 2502 824 2559 et
840 2492 975 2579 praedae
992 2515 1047 2559 cn·

65 2579 142 2654 dtas
159 2587 274 2654 multos
292 2587 417 2675 longius
435 2588 599 2669 evocabat,
626 2598 657 2655 et
678 2588 775 2655 silvae
795 2589 921 2654 incertis
945 2587 1048 2654 occul-

65 2690 130 2764 {ue
147 2681 311 2750 itineribus
329 2683 484 2750 confertos
503 2684 588 2749 adire
601 2681 815 2770 prohibebant.
843 2682 871 2748 si
887 2683 1047 2770 negotium

65 2777 139 2843 rfici
157 2776 347 2864 stirpemque
368 2778 530 2844 hominum
552 2778 772 2844 sceleratorum
796 2775 928 2843 interfici
944 2775 1047 2855 vellet,

65 2871 229 2937 mittendae
250 2872 355 2958 plures
377 2894 488 2938 manus
510 2871 738 2956 diducendique
760 2882 846 2937 erant
867 2871 995 2949 milites;
1019 2871 1048 2935 si

65 2965 186 3031 adnare
203 2966 352 3054 adsigna
372 2966 548 3053 manipulos
570 2965 676 3045 vellet,
702 2975 739 3031 ut
758 2966 899 3032 instituta
919 2966 999 3030 ratio
1017 2973 1048 3029 et

65 3059 223 3125 :suetudo
241 3062 394 3126 exercitus
411 3059 548 3126 Romani
563 3059 756 3146 postulabat,
783 3060 871 3126 locus
893 3060 961 3145 ipse
983 3065 1049 3123 erat

65 3152 186 3221 3333113
203 3152 357 3234 barbaris,
380 3176 481 3239 neque
499 3177 539 3219 ex
556 3154 676 3220 occulto
693 3153 861 3219 insidiandi
878 3161 909 3218 et
930 3152 1050 3236 disper·

65 3264 84 3313 3
109 3248 372 3314 circumveniendi
394 3249 525 3337 singulis
547 3249 652 3314 deerat
673 3247 813 3312 audacia.
859 3254 892 3310 at
912 3243 946 3308 in
968 3245 1050 3311 eius-

65 3343 115 3408 3111
132 3341 381 3423 difficultatibus,
403 3354 554 3428 quantum
571 3344 731 3430 diligentia
747 3340 902 3428 provideri
918 3349 1048 3428 poterat,

65 3435 265 3517 ovidebatur,
291 3447 326 3504 ut
347 3440 451 3525 potius
472 3440 506 3503 in
526 3438 667 3505 nocendo
689 3435 805 3519 aliquid
826 3436 1050 3521 praetermitte·

65 3541 124 3611 tur,
142 3532 202 3597 etsi
219 3532 359 3598 omnium
376 3533 471 3598 animi
487 3532 528 3599 ad
545 3531 757 3597 ulciscendum
774 3528 937 3609 ardebant,
956 3552 1050 3615 quam

65 3648 103 3692 33
129 3626 235 3713 aliquo
265 3627 399 3692 militum
429 3627 611 3692 detrimento
637 3632 809 3691 noceretur.
857 3625 985 3690 dimittit
1009 3624 1051 3689 ad

65 3720 179 3787 ritimas
206 3721 348 3788 civitates
373 3721 499 3787 nuntios
521 3718 654 3786 Caesar:
680 3740 788 3785 omnes
814 3719 856 3785 ad
881 3741 916 3785 se
942 3727 1051 3784 evocat

65 3835 88 3879 13
104 3815 239 3901 praedae
257 3814 298 3879 ad
319 3814 507 3902 diripiendos
524 3813 706 3891 Eburones,
732 3824 767 3879 ut
787 3813 891 3899 potius
912 3813 946 3877 in
963 3811 1050 3877 silvis

65 3909 197 3976 allorum
213 3910 279 3975 vita
295 3933 390 3996 quam
405 3909 594 3999 legionarius
616 3909 706 3975 miles
728 3909 929 3997 periclitetur,
957 3906 1050 3973 simul

65 4028 200 4092 magna
220 4005 417 4072 multitudino
438 4003 628 4073 circumfusa
647 4026 705 4092 pro
727 4003 781 4070 tali
801 4002 939 4069 facinore
956 4001 1051 4090 stirps
