2414 4336
379 278 496 337 ΟΟΜΜ.
513 279 566 335 ΙΠ.
585 280 685 335 9-13.
1002 267 1042 332 47

10 407 96 474 latis
112 403 286 483 obsidibus,
304 412 351 470 tot
364 404 524 473 civitatum
542 406 722 485 coniuratio,
740 405 907 491 imprimis,
925 427 965 471 ne
982 405 1043 470 hac

10 515 103 568 »arte
126 497 271 586 neglecta
291 498 429 584 reliquae
450 502 592 568 nationes
616 499 677 567 sibi
697 501 782 566 idem
803 499 896 565 licere
913 498 1043 565 arbitra·

10 603 134 662 entur.
178 593 283 677 itaque
305 614 376 658 cum
396 593 591 681 intellegeret
612 616 720 660 omncs
737 592 804 659 fere
823 590 933 660 Gallos
951 594 1043 659 novis

10 688 112 756 ’ebus
133 687 258 754 studere
276 695 306 751 et
323 687 364 752 ad
381 686 498 753 bellum
515 688 671 755 mobiliter
688 687 889 773 celeriterque
906 689 1043 766 excitari,

10 804 129 849 >mnes
152 789 257 847 autem
278 779 420 847 homines
443 792 555 847 natura
575 781 710 848 libertati
732 782 857 847 studere
882 791 913 847 et
939 781 1045 848 condi-

10 877 144 943 aionem
162 874 319 941 servitutis
337 874 456 955 odisse,
483 876 667 962 priusquam
684 874 789 961 plures
813 874 954 941 civitates
972 897 1046 942 con-

10 971 188 1059 spirarent,
205 969 403 1057 partiendum
421 968 481 1036 sibi
498 992 536 1035 ao
552 969 645 1036 latius
663 968 913 1036 distribuendum
930 968 1047 1035 exerci-

10 1074 88 1132 tum
99 1065 233 1153 putavit.
260 1063 364 1148 itaque
374 1063 482 1129 Titum
490 1063 669 1130 Labienum
682 1064 821 1151 legatum
833 1064 868 1130 in
881 1063 1045 1143 Treveros,
1065 1084 1096 1133 11

10 1160 74 1246 qui
92 1159 228 1246 proximi
244 1157 365 1223 flumini
377 1157 490 1224 Rheno
504 1167 586 1237 sunt,
604 1180 678 1223 cum
691 1158 830 1243 equitatu
842 1159 946 1224 mittit.
973 1157 1047 1224 huic

10 1253 166 1332 mandat,
187 1251 304 1318 Remos
321 1252 520 1337 reliquosque
537 1251 654 1339 Belgas
672 1253 764 1317 adeat
781 1262 875 1337 atque
890 1253 925 1317 in
942 1251 1047 1318 officio

12 1347 179 1415 contineat
189 1343 436 1430 Germanosque,
454 1347 510 1430 qui
522 1345 639 1412 auxilio
652 1369 672 1410 a
683 1345 793 1432 Belgis
808 1346 951 1412 arcessiti
963 1346 1048 1413 dice·

13 1443 145 1520 bantur,
164 1442 192 1507 si
208 1463 265 1527 per
280 1441 345 1506 vim
361 1439 495 1507 navibus
512 1441 630 1506 flumen
648 1440 779 1506 transire
796 1448 956 1519 conentur,
973 1462 1046 1526 pro-

14 1536 139 1602 hibeat
161 1534 311 1601 Publium
325 1533 478 1601 Crassum
496 1556 568 1600 cum
585 1533 764 1600 cohortibus
782 1533 961 1621 legionariis
973 1532 1047 1600 XII

18 1645 52 1697 et
70 1651 187 1716 magno
204 1651 333 1694 numero
352 1629 508 1713 equitatus
520 1629 554 1694 in
566 1628 771 1713 Aquitaniam
783 1627 940 1714 proficisci
951 1627 1047 1708 iubet,

18 1745 61 1789 ne
79 1745 122 1788 ex
137 1721 187 1786 his
204 1721 380 1788 nationibus
404 1721 520 1788 auxilia
536 1722 570 1788 in
589 1719 726 1788 Galliam
746 1721 909 1788 mittantur
925 1743 963 1788 ac
979 1732 1049 1788 tan·

20 1828 73 1882 tae
94 1816 238 1882 nationes
260 1816 497 1904 coniungantur.
543 1815 697 1899 Quintum
714 1815 872 1885 Titurium
894 1814 1049 1884 Sabinum

22 1910 165 1998 legatum
187 1931 260 1976 cum
280 1909 456 1997 legionibus
479 1910 579 1977 tribus
601 1911 635 1976 in
652 1910 816 1990 Venellos,
844 1910 1049 1979 Ouriosolites

24 2005 249 2091 Lexoviosque
270 2005 377 2084 mittit,
404 2007 460 2091 qui
481 2028 551 2072 eam
572 2029 700 2072 manum
722 2006 931 2073 distinendam
952 2015 1048 2073 curet.

25 2099 196 2166 Decimum
204 2099 339 2165 Brutum
349 2101 581 2168 adulescentem
595 2102 689 2167 classi
699 2099 892 2187 Gallicisque
905 2102 1053 2185 navibus,

27 2217 103 2280 quas
123 2215 164 2260 ex
179 2193 364 2261 Pictonibus
383 2205 414 2261 et
432 2193 582 2263 Santonis
599 2195 788 2280 reliquisque
810 2196 930 2282 pacatis
947 2196 1050 2283 regio-

27 2288 118 2356 nibus
136 2288 302 2354 convenire
318 2289 462 2370 iusserat,
480 2290 621 2378 praeficit
637 2298 677 2368 et,
696 2290 915 2376 cumprimum
932 2299 1049 2376 posset,
1080 2290 1082 2294 '

28 2382 56 2450 in
77 2382 220 2450 Venetos
246 2383 401 2471 proficisci
426 2385 523 2452 iubet.
570 2385 639 2472 ipse
665 2405 703 2450 eo
728 2382 925 2473 pedestribus
952 2384 1050 2470 copiis

28 2475 195 2546 contendit
231 2487 318 2544 erant
335 2479 488 2546 eiusmodi
505 2480 570 2546 fere
588 2479 667 2546 situs
685 2479 879 2567 oppidorum,
897 2488 933 2544 ut
948 2479 1051 2566 posita
1070 2499 1100 2549 12

26 2570 56 2639 iu
77 2572 228 2639 extremis
249 2572 377 2660 lingulis
398 2574 684 2661 promunturiisque
705 2597 808 2660 neque
829 2573 962 2660 pedibus
985 2574 1052 2639 adi-

26 2675 93 2733 tum
110 2665 271 2745 haberent,
290 2689 362 2733 cum
380 2689 420 2733 ex
437 2668 499 2735 alto
518 2692 552 2735 se
565 2677 670 2735 aestus
683 2668 886 2747 incitavisset,
904 2668 990 2753 quod
1001 2667 1051 2734 bis

22 2760 141 2828 accidit
166 2782 290 2848 semper
313 2762 461 2828 horarum
486 2762 751 2849 XXIHIspatio,
778 2784 881 2848 neque
906 2762 1050 2842 navibus,

23 2855 112 2943 quod
128 2877 238 2922 rursus
255 2856 414 2922 minuente
431 2866 521 2923 aestu
538 2879 635 2924 naves
658 2858 691 2922 in
711 2858 801 2924 vadis
819 2857 1050 2924 afflictarentur.

22 2951 69 3017 ita
87 2959 219 3036 utraque
240 2973 274 3017 re
291 2951 476 3038 oppidorum
494 2952 685 3039 oppugnatio
703 2952 932 3040 impediebatur
937 2977 946 3032 ς
969 2973 1006 3017 ao
1025 2951 1054 3017 si

24 3045 155 3131 quando
175 3045 389 3134 magnitudine
412 3046 517 3133 operis
540 3046 620 3113 forte
643 3047 794 3134 superati,
823 3055 949 3113 extruso
974 3045 1053 3111 mari

25 3160 145 3228 aggere
162 3161 201 3206 ac
217 3138 362 3220 molibus,
381 3148 475 3226 atque
492 3140 542 3208 his
561 3141 668 3229 oppidi
680 3139 845 3208 moenibus
859 3139 1051 3224 adaequatis,

27 3233 94 3299 suis
111 3232 247 3300 fortunis
264 3234 430 3320 desperare
449 3244 628 3323 coeperant,
646 3258 762 3323 magno
779 3256 909 3300 numero
925 3233 1054 3299 navium

27 3326 173 3415 appulso,
192 3328 282 3394 carius
299 3330 344 3394 rei
362 3350 518 3395 summam
535 3328 718 3396 facultatem
734 3326 905 3407 habebant,
925 3349 983 3392 sua
1000 3327 1054 3392 de-

27 3420 195 3509 portabant
221 3423 326 3489 omnia
352 3444 448 3509 seque
473 3425 507 3490 in
532 3424 676 3513 proxima
706 3422 822 3509 oppida
850 3422 1053 3510 recipiebant:

28 3516 74 3583 ibi
106 3539 142 3583 se
168 3540 277 3584 narsus
302 3517 404 3584 isdem
435 3516 718 3606 opportunitatibus
748 3516 810 3582 loci
836 3516 1054 3583 defendebant

29 3609 108 3676 haec
126 3631 165 3677 co
182 3609 305 3678 facilius
323 3621 610 3699 magnampartem
627 3611 755 3676 aestatis
773 3609 943 3692 faciebant,
970 3609 1056 3695 quod

28 3713 156 3772 nostrae
169 3727 267 3773 naves
285 3705 523 3793 tempestatibus
542 3703 768 3784 detinebantur,
789 3727 972 3791 summaque
990 3714 1055 3770 erat

28 3808 121 3866 vasto
138 3807 234 3886 atque
251 3811 358 3887 aperto
375 3801 468 3880 mari,
490 3800 614 3888 maguis
634 3799 786 3878 aestibus,
808 3801 885 3866 raris
904 3822 942 3866 ac
957 3821 1055 3887 prope

28 3893 125 3961 nullis
151 3894 309 3982 portibus,
337 3895 506 3961 difficultas
533 3894 711 3982 navigandi.
755 3917 890 3981 namque
915 3895 1056 3983 ipsorum
1074 3912 1105 3963 1³

28 4010 129 4055 naves
152 3988 192 4055 ad
208 3989 293 4056 bunc
308 3990 440 4057 modum
463 3989 567 4059 factae
588 3998 793 4077 armataeque
810 3999 917 4058 etanta
940 3991 1072 4055 earm

21 4081 183 4164 alfwd>
195 4082 359 4169 planiores
378 4110 479 4176 quam
497 4099 692 4161 nostrarum
704 4086 865 4170 nauium,
880 4107 949 4172 quo
962 4077 1100 4146 tatibus
