2414 4336
138 285 180 357 98
457 301 655 360 nanneno
675 301 847 362 oannrco

137 426 251 514 quihus
267 427 362 494 rebus
380 429 480 494 coacti
495 427 639 515 Menapii
655 429 776 516 legatos
798 428 842 494 ad
859 450 938 494 eum
954 429 1040 515 pacis
1053 451 1055 514 j

137 525 196 590 dae
212 523 310 590 causa
325 523 459 588 mittunt.
493 523 547 589 ille
564 523 727 590 obsidibus
745 523 886 610 acceptis
905 523 1044 590 hostium

136 618 274 685 biturum
294 639 425 683 numem
446 618 623 697 confirmat,
650 619 678 684 si
699 626 753 684 aut
774 616 1002 706 Ambiorigem
1024 641 1055 684 au

135 711 256 799 legatos
282 710 397 777 finibus
424 711 490 778 suis
515 713 716 798 recepissent
765 711 815 777 his
847 711 1042 778 confirmatis

110 828 112 835 ·
137 804 319 873 Commium
333 804 519 872 Atrebatem
540 828 613 872 cum
631 807 770 891 equitatu
791 806 939 873 custodis
961 806 1056 874 loooi

135 901 236 988 napiie
253 899 414 985 relinquit3
431 901 551 986 ipsein
568 900 722 967 Treveros
739 899 964 988 proficiscitur.

104 1018 119 1066 s
191 992 289 1060 ‘Dum
304 995 383 1061 haec
400 1019 420 1060 a
433 995 569 1061 Caesare
586 1005 744 1082 geruntur,
764 994 901 1061 Treveri
913 996 1055 1083 magnis<

136 1088 294 1177 peditatus
312 1090 529 1175 equitatusque
547 1090 644 1176 copiis
659 1089 840 1156 Labienum
857 1111 936 1156 cum
953 1089 1055 1157 unale

135 1186 260 1270 quaein
272 1206 380 1251 eorum
387 1183 503 1250 linibus
512 1184 712 1263 hiemaverat,
730 1183 844 1250 adoriri
855 1183 1055 1270 parabanti

137 1278 177 1345 ab
195 1300 233 1346 eo
250 1301 315 1345 non
327 1279 451 1366 longius
465 1277 553 1344 bidui
564 1279 618 1344 via
630 1278 769 1358 aberant,
788 1299 862 1344 cum
881 1279 966 1345 duas
983 1277 1055 1344 reni

137 1371 247 1462 g'iones
269 1374 370 1440 missu
388 1373 536 1440 Caesaris
559 1383 761 1462 cognoscunt.
804 1373 921 1460 positis
944 1373 1051 1440 castris

136 1468 219 1535 libus
236 1490 388 1555 passuum
404 1466 474 1533 XV
495 1467 611 1534 auxilia
630 1465 861 1534 Germanorum
884 1477 1055 1555 exspectan

134 1564 277 1629 stituunt.
320 1560 483 1628 Labienus
518 1561 658 1628 hostium
693 1562 820 1650 cognito
855 1563 994 1629 consilio
1026 1583 1055 1649 sp

136 1657 307 1722 temeritate
325 1678 432 1722 eorum
449 1655 517 1722 fore
535 1655 672 1741 aliquam
688 1656 860 1722 dimicandi
877 1656 1055 1723 facultatem

137 1751 217 1817 sidio
234 1751 371 1836 quinque
392 1750 566 1817 cohortium
583 1750 813 1838 impedimentis
835 1751 948 1818 relicto
972 1750 1055 1818 curn]

135 1846 317 1913 cohortibus
334 1867 511 1934 magnoque
528 1847 668 1931 equitatu
689 1855 796 1912 contra
812 1845 942 1914 hostem
960 1844 1055 1934 profici

137 1953 168 2008 et
183 1941 269 2009 mille
285 1963 437 2028 passuum
452 1941 630 2007 intermisso
649 1941 750 2027 spatio
768 1950 873 2008 castra
886 1940 1055 2009 communit

109 2045 111 2051 '
136 2036 216 2102 inter
232 2035 411 2101 Labienum
433 2045 526 2120 atque
547 2034 671 2102 hostem
692 2034 814 2101 diffiuli
834 2036 975 2102 uenatu
991 2035 1055 2102 hun

136 2131 248 2217 pisque
274 2130 459 2217 praeruptis.
499 2130 559 2197 hoc
584 2151 688 2214 neque
712 2130 781 2217 ipse
809 2131 945 2198 transire
970 2128 1055 2196 habel

138 2225 241 2292 anim0
266 2247 369 2311 neque
391 2225 497 2292 hostes
520 2225 704 2291 transituros
728 2223 941 2291 existimabat.
991 2246 1055 2312 augt

137 2319 323 2385 auxiliorum
340 2319 453 2386 cotidie
471 2341 553 2405 spes.
583 2319 722 2404 loquitur
736 2318 771 2384 in
783 2317 916 2385 cbncilio
930 2319 1045 2406 palam,

135 2413 200 2479 iam
212 2411 363 2480 Germani
380 2413 626 2500 appropinquare
644 2413 794 2491 dicantur,
814 2433 887 2478 sese
902 2435 982 2479 suas
995 2433 1055 2478 exer

132 2528 198 2592 que
215 2507 356 2574 fortunas
377 2509 410 2573 in
432 2508 563 2575 dubium
583 2531 648 2574 non
669 2507 894 2575 devocaturum
917 2517 952 2574 et
968 2517 1055 2595 poste

136 2598 238 2688 prima
253 2601 323 2668 luce
340 2611 442 2668 castra
458 2612 625 2669 moturum.
669 2602 810 2671 celeriter
825 2602 905 2668 haec
923 2603 969 2668 ad
984 2602 1055 2670 host

136 2695 291 2774 feruntur,
317 2706 353 2761 ut
378 2719 418 2762 ex
443 2720 558 2785 magno
581 2695 744 2764 Gallorum
767 2697 907 2782 equitum
929 2719 1055 2764 numer<

132 2790 239 2884 nullos
262 2789 392 2858 Gallicis
419 2791 513 2858 rebus
539 2792 645 2858 favere
672 2801 784 2859 natura
808 2791 954 2880 cogebat
998 2791 1055 2859 le

130 2895 231 2951 noctu
256 2885 387 2952 tribunis
412 2887 546 2953 militum
571 2887 742 2975 primisque
775 2885 940 2953 ordinibus
972 2909 1055 2953 conv

131 2978 213 3064 ¹quid
231 2978 280 3045 sui
297 2980 337 3046 sit
355 2980 488 3064 consilii,
510 2982 655 3068 proponit
672 2991 716 3061 et,
738 3003 801 3066 quo
818 2978 946 3047 facilius
964 2980 1055 3048 hostil

134 3072 234 3140 moris
251 3075 303 3140 det
321 3075 542 3162 suspicionem,
560 3076 678 3142 maiore
696 3075 828 3162 strepitu
844 3083 877 3140 et
893 3075 1051 3154 tumultu,

130 3168 245 3256 populi
261 3168 396 3235 Romani
413 3167 474 3235 fert
491 3170 694 3249 consuetudo,
714 3179 816 3237 castra
832 3170 957 3235 moveri
972 3169 1055 3237 iubet

137 3267 231 3329 rebus
251 3263 347 3351 fugae
373 3262 506 3330 similem
527 3263 750 3351 profectionem
772 3263 884 3330 effecit
931 3263 1016 3330 haec
1041 3286 1055 3348 q

136 3378 192 3443 per
209 3355 419 3445 exploratores
437 3367 508 3424 ante
524 3357 628 3424 lucem
645 3359 678 3423 in
695 3367 782 3425 tanta
798 3357 1055 3445 propinquitates

103 3467 118 3518 8
134 3446 207 3516 rum
223 3453 264 3517 ad
280 3452 387 3519 hostes
405 3452 595 3519 deferuntur.
640 3453 696 3518 vix
713 3474 827 3540 agmen
843 3452 1055 3519 nomesimum

135 3544 323 3612 munitiones
345 3556 553 3633 processerat,
580 3568 652 3612 cum
671 3544 756 3613 Galli
773 3545 928 3613 cohortati
950 3548 1036 3614 inter
1054 3600 1055 3604 ,

128 3651 292 3727 speratam
309 3643 458 3727 praedam
480 3664 520 3708 ex
537 3641 681 3708 manibus
704 3641 909 3707 dimitterent:
938 3641 1055 3731 longao

135 3737 304 3829 perterritis
335 3737 485 3804 Romanis
516 3736 746 3805 Germanorum
780 3736 934 3802 auxilium
970 3759 1055 3824 exsp

135 3829 345 3918 nequesuam
361 3833 427 3918 pati
444 3832 637 3920 dignitatem,
656 3840 691 3896 ut
708 3831 803 3897 tantis
821 3829 921 3917 copiis
936 3839 1004 3897 tam
1017 3854 1055 3898 ex

135 3947 277 4005 manum,
303 3925 485 4014 praesertim
506 3925 679 4013 fugientem
705 3938 799 4010 atque
820 3924 1024 4012 impeditam,
1047 3947 1055 3990 ι

134 4041 199 4111 non
216 4021 359 4100 audeant,
376 4020 495 4085 flumen
511 4021 642 4087 bannire
660 4030 691 4087 et
703 4019 810 4104 iniquo
823 4018 894 4085 loco
906 4020 1055 4106 proelium

130 4113 255 4188 mittere
272 4138 336 4184 non
350 4115 506 4185 dubitant.
549 4137 629 4202 quae
646 4116 713 4182 fore
731 4115 910 4201 suspicatus
928 4114 1055 4184 Latiar
